2446 3784
298 239 521 298 GERMANIA
549 241 877 306 XXVIII.—XXIX.
995 249 1031 310 17

140 375 262 441 nuntur,
284 389 338 427 nec
357 369 529 446 publicanus
551 372 653 428 atterit
659 390 668 442 ;
692 375 822 450 exempti
843 377 979 434 oneribus
1002 389 1033 436 et

141 468 344 526 collationibus
364 473 395 525 et
414 473 532 526 tantum
553 467 585 524 in
605 487 691 540 usum
714 472 890 546 proeliorum
913 475 1031 550 sepositi

140 563 224 620 velut
250 562 310 620 tela
335 569 425 639 atque
454 583 536 621 arma
566 566 650 623 bellis
679 575 872 630 reservantur.
916 571 971 630 Est
998 573 1031 632 in

141 659 242 718 eodem
255 659 392 735 obsequio
405 665 436 717 et
449 659 659 720 Mattiacorum
676 682 753 739 gens.
805 665 936 726 Protulit
952 671 1030 728 enim

141 755 313 830 magnitudo
339 756 441 832 populi
467 756 595 814 Romani
620 758 701 816 ultra
728 759 867 820 Rhenum
896 765 1032 842 ultraque

141 859 256 910 veteres
288 853 429 910 terminos
462 853 579 929 imperii
619 857 821 915 reverentiam.
876 859 927 917 Ita
965 863 1031 920 sede

142 949 307 1024 finibusque
333 950 366 1006 in
395 969 447 1006 sua
473 949 545 1026 ripa,
574 957 672 1008 mente
699 953 855 1030 animoque
881 957 1030 1015 nobiscum

143 1050 243 1118 agunt,
267 1051 362 1101 cetera
383 1045 491 1102 similes
515 1045 644 1118 Batavis,
669 1047 727 1104 nisi
750 1050 828 1124 quod
851 1049 914 1125 ipso
937 1053 1032 1108 adhuc

143 1145 238 1196 terrae
265 1159 334 1196 suae
360 1141 421 1197 solo
447 1147 478 1198 ct
507 1143 586 1198 coelo
616 1143 710 1200 acrius
743 1144 919 1202 animantur.
962 1148 1036 1205 Non

144 1237 358 1294 numeraverim
384 1237 463 1294 inter
491 1237 664 1298 Germaniae
692 1243 824 1318 populos,
856 1262 1030 1320 quamquam

144 1339 225 1389 trans
253 1333 391 1390 Rhenum
418 1334 647 1412 Danubiumque
674 1339 865 1412 consederint,
894 1357 950 1413 eos,
983 1344 1031 1417 qui

144 1429 307 1487 decumates
329 1450 411 1507 agros
433 1439 576 1492 exercent.
619 1435 798 1494 Levissimus
821 1437 944 1514 quisque
965 1439 1033 1497 Gal-

144 1527 241 1582 lorum
273 1533 304 1584 et
335 1529 434 1604 inopia
466 1530 563 1588 audax
592 1532 696 1589 dubiae
725 1536 911 1609 possessionis
939 1536 1032 1594 solum

144 1641 328 1698 occupavere.
369 1623 444 1681 Mox
466 1625 561 1682 limite
583 1633 648 1684 acto
666 1629 864 1706 promotisque
882 1632 1033 1708 praesidiis

143 1719 226 1776 sinus
238 1719 354 1794 imperii
367 1725 399 1777 et
410 1738 478 1796 pars
491 1722 656 1796 provinciae
670 1723 824 1783 habentur.

143 1973 379 2016 xxm—xxxva.
422 1955 569 2014 Norttero
581 1957 665 2015 trites
679 1967 706 2015 to
721 1957 764 2016 the
777 1967 841 2016 west
854 1960 892 2034 of
898 1959 942 2018 tte
955 1961 1030 2019 Elbo.

184 2045 242 2104 rto
255 2045 371 2115 Clausit·
393 2044 466 2102 their
470 2043 555 2120 floreo
569 2045 631 2102 arad
645 2045 762 2102 warliloe
779 2046 931 2107 etmaeter.
975 2048 1033 2106 rte

182 2133 284 2190 Fusii.
305 2133 422 2190 Roman
435 2132 610 2207 expeditrbus
617 2133 678 2190 icto
688 2133 760 2190 their
769 2133 910 2209 territory.
940 2132 1034 2194 Otac-

182 2220 216 2292 οἱ,
232 2219 373 2291 Cherusci,
389 2218 506 2280 Cimbri.
555 2219 670 2278 Roaiam
682 2239 759 2278 ware
771 2220 806 2278 ia
820 2219 974 2296 Germcmrj.

204 2389 311 2446 XXX.
353 2388 444 2448 Ultra
466 2389 519 2447 hos
538 2388 640 2446 Chatti
662 2387 781 2445 initium
805 2387 880 2446 sedis
900 2389 937 2446 ab
957 2389 1034 2446 Her-

144 2485 230 2560 cynio
251 2486 329 2542 saltu
351 2485 498 2556 inchoant,
520 2503 580 2541 non
605 2485 649 2542 ita
672 2483 770 2540 effusis
796 2502 829 2540 ac
855 2484 1035 2559 palustribus

143 2581 223 2653 locis,
237 2587 273 2638 ut
293 2587 404 2640 ceterae
420 2582 562 2654 civitates,
577 2582 610 2638 in
626 2601 698 2657 quas
717 2580 875 2638 Germanis
893 2580 1018 2656 patescit
1024 2602 1032 2653 ;

144 2679 253 2735 durant
266 2678 408 2754 siquidem
424 2678 517 2751 colles,
534 2678 677 2754 paulatim
693 2681 851 2748 rarescunt,
869 2682 900 2734 et
913 2677 1035 2735 Chattos

144 2793 211 2832 suos
234 2774 325 2832 saltus
352 2773 520 2850 Hercynius
546 2774 732 2850 prosequitur
758 2771 845 2830 simul
871 2777 960 2848 atque
987 2773 1034 2830 de-

144 2871 235 2948 ponit
278 2870 510 2946 Duriora'genti
537 2889 664 2948 corpora,
693 2869 789 2927 stricti
814 2875 905 2941 artus,
932 2871 1034 2927 minax

146 2969 245 3025 vultus
258 2973 289 3024 et
304 2968 397 3024 maior
411 2967 503 3024 animi
518 2967 608 3042 rigor.
652 2967 792 3037 Multum,
812 2973 848 3024 ut
867 2967 947 3024 inter
965 2966 1036 3025 Ger·

143 3081 253 3141 manos,
281 3063 404 3121 rationis
440 3082 474 3120 ac
510 3062 674 3136 sollertiae3
709 3081 886 3140 praeponere
920 3063 1033 3134 clectos,

144 3163 245 3219 audire
255 3161 441 3239 praepositos,
452 3178 536 3217 nosse
549 3160 671 3231 ordines,
687 3159 850 3234 intelligere
864 3159 1033 3232 occasiones,
1089 3174 1099 3183 ”

143 3259 261 3317 differre
292 3260 428 3335 impetus,
463 3257 615 3334 disponere
645 3257 731 3328 diem,
764 3257 873 3314 vallare
908 3262 1033 3328 noctem,

143 3358 292 3415 fortunam
313 3358 393 3414 inter
409 3355 506 3426 dubis,
527 3354 669 3412 virtutem
683 3353 762 3412 inter
778 3359 857 3410 certa
871 3371 1034 3423 numerare,

143 3457 279 3533 quodque
305 3455 486 3514 rarissimum
511 3472 565 3512 nec
594 3452 652 3510 nisi
683 3451 834 3510 Romanae
865 3451 1036 3527 disciplinae

244 3566 270 3607 c.
937 3550 954 3606 2
