2432 3784
419 265 624 326 AGRIGOLA
653 265 828 324 IV.-VH.
1052 270 1069 326 5

185 391 352 458 aviditatem
372 415 483 474 pronus
502 395 687 472 quantalibet
707 395 849 452 facilitate
867 396 1071 471 redempturus

185 501 257 552 esset
277 500 411 551 mutuam
433 491 697 550 dissimulationem
720 491 798 548 mali
840 492 958 549 Auctus
971 499 1015 549 est
1029 494 1067 550 ibi

183 590 250 661 fllia,
264 590 295 646 in
309 589 472 646 subsidium
486 588 574 645 simul
588 595 618 646 et
631 589 788 661 solatium3
810 609 879 646 nam
892 590 987 646 filium
1003 597 1070 648 ante

183 685 330 742 sublatum
352 684 435 740 brevi
450 683 567 746 ,amisit
619 683 693 740 Mox
719 685 798 740 inter
824 691 1010 760 quaesturam
1036 705 1070 743 ac

182 782 366 838 tribunatum
386 780 478 855 plebis
498 787 587 856 atque
607 781 704 856 ipsum
724 781 813 838 etiam
832 783 1001 838 tribunatus
1020 801 1069 840 an-

182 895 253 932 num
274 877 373 952 quiete
391 882 421 932 et
440 876 501 932 otio
520 877 647 948 transiit,
663 895 772 952 gnarus
789 879 844 934 snb
862 877 980 935 Nerone
999 883 1070 935 tem·

181 993 293 1050 porum,
309 973 414 1049 quibus
427 973 535 1030 inertia
552 991 605 1049 pro
623 974 767 1049 sapientie
785 975 850 1031 fuit
893 974 977 1030 Idem
991 993 1070 1049 prae-

181 1077 266 1126 turae
289 1077 374 1126 tenor
400 1074 431 1125 et
453 1069 604 1126 silentium
614 1090 623 1142 3
648 1089 702 1126 nec
725 1070 805 1126 enim
831 1069 995 1126 iurisdictio
1021 1070 1068 1126 ob

181 1174 309 1228 venerat.
339 1167 437 1224 Ludos
451 1167 593 1224 1111111111
606 1167 724 1224 honoris
737 1167 833 1224 medio
847 1166 969 1224 rationis
981 1168 1069 1242 atque

182 1267 377 1324 abundantiae
404 1265 498 1337 duxit,
527 1266 574 1322 uti
600 1265 685 1341 longe
712 1285 730 1322 a
756 1265 882 1336 luxuria,
910 1265 1070 1322 1111111111

181 1365 305 1438 propior.
347 1361 423 1419 Tum
447 1362 555 1419 electus
576 1379 594 1418 a
618 1361 712 1418 Galba
734 1362 772 1418 ad
795 1361 871 1418 dona
893 1361 1070 1436 templorum

181 1460 415 1535 recognoscenda,
438 1459 661 1534 diligentissima
688 1457 900 1532 conquisitione
927 1457 1004 1529 fecit,
1031 1477 1069 1514 ne

181 1557 264 1612 cuius
285 1557 405 1612 11111111
429 1556 611 1631 saerilegium
632 1573 678 1612 res
699 1555 815 1630 publica
836 1573 924 1630 quam
943 1555 1070 1613 Neronis

181 1653 324 1710 sensisset.

242 1748 317 1805 VIL
361 1747 491 1824 Sequens
512 1766 607 1804 annus
625 1747 708 1822 gravi
729 1747 850 1804 vulnere
868 1748 999 1803 animum
1021 1745 1069 1804 do·

181 1862 321 1918 mumque
334 1843 395 1899 1111
409 1843 523 1899 afflixit.
564 1842 644 1898 Nam
657 1841 754 1898 classis
768 1841 936 1898 Othoniana
948 1841 1069 1898 licenter

181 1959 262 2015 vaga,
286 1941 356 1996 dum
381 1940 552 1996 Intemelios
579 1937 729 2016 (Liguriae
751 1957 819 2014 pars
842 1935 897 2014 est)
922 1937 1069 1993 hostiliter

181 2038 346 2113 populatur,
361 2043 486 2093 matrem
500 2035 654 2110 Agricolae
662 2036 695 2090 in
705 2033 830 2110 praediis
840 2033 899 2090 suis
913 2034 1066 2102 interiecit,

181 2133 355 2208 praediaque
365 2134 427 2208 ipsa
437 2138 467 2188 et
480 2152 614 2207 magnam
629 2131 798 2207 patrimonii
811 2137 924 2206 partem
937 2129 1066 2204 diripuit

125 2243 128 2249 '
181 2246 256 2302 quae
270 2247 369 2284 caussa
382 2227 476 2284 caedis
493 2228 595 2283 fuerat
617 2226 717 2300 Igitur
734 2226 772 2282 ad
785 2225 937 2282 sollemnia
949 2223 1067 2300 pietatis

180 2324 326 2398 profectus
348 2323 485 2398 Agricola
507 2323 613 2380 nuntio
635 2323 763 2380 affectati
780 2343 798 2380 a
813 2321 995 2398 Vespasiano
1014 2321 1066 2378 im-

180 2420 256 2495 perii
269 2420 471 2496 deprehensus,
483 2437 516 2475 ac
529 2419 630 2476 statim
643 2418 675 2474 in
691 2423 788 2494 partes
806 2424 1000 2494 transgressus
1014 2425 1064 2476 est.

182 2515 275 2572 lnitia
292 2513 471 2590 principatus
489 2531 522 2569 11
540 2517 649 2570 statum
667 2513 748 2569 urbis
770 2513 925 2569 Mucianus
940 2513 1064 2587 regebat,

181 2610 287 2665 iuvene
308 2608 464 2664 admodum
488 2607 667 2678 Domitiano,
691 2614 721 2664 et
745 2627 784 2664 ex
806 2613 928 2683 paterna
950 2608 1066 2664 fortuna

184 2709 297 2760 tantum
319 2701 468 2760 licentiam
490 2707 655 2777 usurpante.
699 2701 731 2757 Is
751 2702 872 2757 missum
884 2700 921 2756 ad
940 2701 1067 2758 delectus

182 2801 306 2874 agendos
328 2799 497 2874 Agricolam
523 2799 693 2872 integreque
719 2815 752 2853 ac
779 2803 896 2853 strenue
919 2804 1065 2854 versatum

181 2895 334 2951 vicesimae
351 2895 465 2968 legioni,
481 2895 563 2950 tarde
581 2895 619 2950 ad
637 2898 848 2949 sacramentum
864 2899 1064 2968 transgressae,

182 2991 354 3065 praeposuit,
380 2989 431 3044 ubi
452 2988 581 3046 decessor
607 2988 742 3044 seditiose
768 3005 852 3062 agere
875 2989 1067 3057 narrabatur3

182 3085 290 3161 quippe
321 3085 424 3160 legatis
455 3103 569 3160 quoque
599 3083 797 3140 consularibus
827 3082 919 3138 nimia
949 3101 982 3138 ac
1012 3081 1067 3136 for-

182 3179 321 3236 midolosa
340 3184 410 3249 erat,
430 3197 483 3234 nec
501 3179 614 3254 legatus
636 3178 799 3256 praetorius
821 3177 857 3233 ad
875 3176 1066 3234 cohibendum

182 3281 292 3350 potens,
312 3275 465 3344 incertum,
488 3291 540 3330 suo
560 3293 598 3330 an
619 3273 748 3330 militum
766 3273 890 3346 ingenio.
933 3270 983 3327 Ita
1006 3273 1067 3328 suc-'

182 3390 275 3428 cessor
296 3369 384 3427 simul
410 3376 441 3426 et
464 3370 544 3426 ultor
565 3370 674 3426 electus
697 3368 844 3424 rarissima
870 3366 1067 3424 moderatione

183 3467 288 3526 maluit
300 3465 394 3522 videri
408 3465 553 3522 invenisse
567 3465 656 3520 bonos
669 3481 757 3538 quam
770 3461 877 3518 fecisse.
