2446 3784
313 267 532 327 anamma
556 268 887 326 XXXVIII-XLV.
1006 269 1043 328 21

162 402 231 460 Non
253 401 375 473 Samnis,
403 421 462 458 non
485 400 584 472 Poeni,
612 420 672 457 non
699 401 862 477 Hispaniae
889 400 1044 472 Galliaeve,

162 519 199 558 ne
216 499 320 556 Parthi
336 499 454 574 quidem
470 499 583 574 saepius
598 498 781 556 admonuere.
824 496 940 574 Quippe
958 516 1047 573 regno

162 596 281 652 Arsacis
301 596 394 652 acrior
413 601 457 671 est
474 594 684 651 Germanorum
703 595 831 654 libertas
874 594 953 664 Quid
969 595 1047 652 euim

162 691 242 748 aliud
255 691 339 748 nobis
352 710 440 766 quam
453 691 569 747 caedem
583 689 686 761 Crassi,
701 693 805 748 amisso
820 692 924 766 etipse
937 690 1048 748 Pacoro

162 790 240 846 infra
256 788 432 847 Ventidium
454 788 581 846 deiectus
605 789 700 844 oriens
723 789 876 845 obieceriti
910 789 956 845 At
978 787 1048 845 Ger-

163 887 243 943 mani
264 885 395 944 Carbone
418 891 449 943 et
471 886 577 956 Cassio,
600 892 630 944 et
651 885 759 944 Scauro
777 887 910 959 Aurelio,
934 893 964 944 et
984 886 1048 944 Ser-

163 983 234 1040 vilio
256 983 408 1058 Caepione,
423 982 525 1039 Marco
545 1001 660 1058 quoque
677 982 791 1040 Manlio
807 983 878 1040 fusis
892 983 938 1039 vel
957 971 1048 1059 captis

163 1081 293 1156 quinque
312 1081 400 1139 simul
421 1081 586 1138 consulares
607 1082 752 1138 exercitus
776 1082 883 1158 populo
905 1081 1046 1152 Romano,

164 1177 278 1234 Varum
293 1178 404 1254 trisque
417 1197 483 1235 cum
497 1197 530 1234 eo
546 1177 673 1253 legiones
688 1179 778 1235 etiam
792 1176 908 1236 Caesari
923 1177 1049 1234 abstule-

164 1279 235 1329 runt
240 1291 249 1344 3
269 1293 322 1330 nec
338 1274 458 1348 impune
479 1273 510 1331 O.
533 1273 646 1330 Marius
667 1273 699 1329 in
722 1273 819 1344 Italia,
844 1274 930 1330 divus
953 1272 1049 1329 Iulius

164 1370 196 1426 iu
219 1370 321 1442 Gallia,
351 1371 464 1428 Drusus
490 1389 524 1428 aa
549 1370 630 1428 Nero
658 1376 688 1428 et
715 1370 904 1428 Germanicus
930 1369 963 1426 in
989 1369 1049 1426 suis

165 1485 212 1522 eos
235 1466 350 1523 sedibus
371 1461 577 1542 perculerunt(
608 1466 682 1524 Mox
705 1467 839 1542 ingentes
861 1466 894 1523 O.
919 1465 1050 1524 Caesaris

164 1562 260 1618 minae
295 1562 326 1618 in
364 1562 524 1618 ludibrium
559 1581 666 1618 versae.
708 1561 784 1618 Inde
820 1563 922 1635 otium,
959 1562 1049 1618 donec

165 1659 311 1714 occasione
329 1659 488 1715 discordiae
506 1665 621 1715 nostrae
641 1663 672 1715 et
690 1657 819 1715 civilium
837 1677 985 1714 armorum
1001 1676 1051 1714 ex·

164 1753 301 1829 pugnatis
319 1753 465 1830 legionum
485 1753 615 1810 hibernis
635 1753 723 1819 etiam
741 1753 852 1810 Gallias
872 1752 1049 1819 affectavere,

165 1869 198 1906 ac
218 1869 318 1906 rursus
338 1849 406 1906 inde
426 1849 503 1924 pulsi
521 1848 662 1925 proximis
679 1849 859 1924 temporibus
876 1847 1052 1924 triumphati

164 1946 257 2021 magis
271 1964 359 2021 quam
371 1945 444 2002 victi
457 1951 534 2002 sunt.

164 2114 403 2157 xxxvr11.—xnv.
444 2097 547 2156 Saenia
571 2098 662 2171 tribea,
686 2099 803 2158 between
829 2097 873 2156 tha
894 2097 965 2155 Ean
992 2097 1055 2156 arad

212 2185 330 2244 Vistula.
372 2185 553 2260 Pccnliaadty
571 2186 662 2244 wbicb
681 2185 884 2262 distinpnianea
905 2185 948 2242 ne
965 2183 1054 2243 Saevi

196 2273 281 2347 froin
300 2274 344 2332 tlte
366 2274 444 2332 otker
464 2274 610 2334 Gcrnwnaa
654 2275 712 2333 rna
735 2274 896 2344 Semnones,
919 2273 962 2330 ne
982 2282 1053 2331 most

205 2363 320 2419 ancient
340 2363 402 2420 and
413 2361 536 2436 sannone
560 2362 597 2438 of
614 2363 685 2420 theca
703 2363 805 2430 tribea·
825 2361 899 2419 their
918 2360 1054 2435 reliqna

203 2449 272 2506 ritca
290 2450 464 2508 andanned
473 2470 577 2524 pronas.
621 2451 679 2508 Tne
692 2449 880 2524 Lonqobundc‘.
927 2447 1054 2523 Woraln'p

204 2535 291 2609 (astte
303 2537 404 2595 Euntla
434 2535 536 2596 Sannio
554 2537 637 2596 bibes
652 2537 738 2612 alonq
755 2537 798 2594 tin
812 2535 940 2594 Danube.
982 2535 1055 2592 Her-

204 2624 352 2696 mundmd,
368 2623 580 2696 Marcomanni,
597 2623 701 2694 Quadi.
748 2623 874 2698 Worsln'p
889 2623 1054 2695 resemblinp

204 2709 265 2767 anot
284 2709 322 2784 of
337 2711 438 2770 Castor
458 2713 519 2770 arad
531 2712 640 2770 Pallan
659 2731 763 2785 nmonp
780 2711 823 2768 tlte
841 2709 1052 2768 Nabunnraali.

206 2797 264 2855 rna
284 2797 385 2870 Harii,
414 2799 486 2856 their
512 2809 629 2856 cotronae
646 2798 779 2872 ferocitp.
823 2798 880 2856 Pte
908 2797 1052 2854 Gotlwnea

209 2884 267 2943 rte
280 2883 409 2958 Suiones,
425 2905 445 2944 a
458 2886 603 2944 man-itinn
617 2885 693 2943 tribe.
728 2885 798 2943 Sena
812 2883 922 2959 beyond
933 2883 976 2941 tlte
990 2882 1055 2940 Sat

204 2993 276 3032 orna
320 2973 378 3030 Tne
402 2971 626 3030 Aestii—umber
642 2971 746 3045 found
767 2972 802 3030 c'n
828 2971 902 3030 their·
921 2979 1054 3044 connum

203 3061 241 3118 ita
253 3067 359 3117 natura
372 3060 433 3116 mad
441 3059 605 3134 propertius.
632 3099 636 3107 ,
650 3059 707 3118 Tne
720 3058 838 3117 Sitones.

224 3185 415 3244 XXXVIII.
457 3186 547 3243 Nunc
586 3187 623 3244 de
664 3186 767 3244 Suavis
807 3185 963 3242 dicendum
1000 3190 1052 3255 est,

163 3301 289 3358 quorum
324 3303 383 3340 non
418 3302 486 3354 una,
521 3289 556 3339 ut
591 3283 765 3340 Chattorum
799 3282 1052 3352 Tencterorumve,

163 3400 250 3457 gens;
284 3381 423 3438 maiorem
457 3381 535 3438 enim
566 3380 739 3439 Germaniae
768 3387 883 3458 partem
909 3381 1053 3449 obtinent,

163 3478 289 3554 propriis
325 3477 421 3536 adhuc
463 3477 631 3534 nationibus
666 3479 890 3556 nominibusque
926 3477 1051 3545 discreti,
