2432 3784
174 257 193 314 4
439 255 642 315 CORNELII
671 253 812 314 raom

174 387 301 439 erectum
318 375 468 458 ingenium
485 384 733 459 pulchritudinem
749 403 783 441 ac
801 372 924 459 speciem
938 402 1059 459 magnae

173 477 358 553 excelsaeque
378 480 486 554 gloriae
509 481 709 538 vehementius
731 501 819 558 quam
840 488 924 538 caute
943 490 1059 558 appete«

173 575 232 632 bat.
275 573 349 632 Mox
368 575 516 650 mitigavit
531 577 607 632 ratio
626 584 656 633 et
674 584 761 647 aetas,
776 577 964 652 retinuitque,
980 577 1058 654 quod

174 675 219 726 est
232 669 445 742 difficillimum,
461 690 499 727 ex
512 672 654 747 sapientia
666 673 792 728 modum.

232 767 271 824 V.
314 767 414 825 Prima
448 775 607 826 castrorum
641 769 808 826 rudimenta
840 769 873 825 in
904 767 1059 824 Britannia

174 861 312 918 Suetonio
345 863 479 935 Pauline,
509 864 642 938 diligenti
669 883 703 920 ac
730 864 878 920 moderato
902 863 977 933 duci,
1010 882 1058 938 ap

172 959 308 1032 probavit
330 961 445 1030 electus,
460 979 547 1034 quem
569 959 756 1015 contubernio
778 960 952 1015 aestimaret.
994 957 1059 1015 Nec

172 1053 311 1127 Agricola
337 1054 466 1127 licenter,
496 1042 575 1112 more
606 1056 754 1126 iuvenum,
779 1055 832 1130 qui
858 1055 996 1110 militiam
1026 1054 1058 1110 in

172 1149 319 1206 lasciviam
346 1159 476 1222 vertunt,
505 1171 598 1227 neque
625 1152 752 1226 segniter
776 1153 814 1210 ad
836 1153 1001 1229 voluptates
1029 1159 1059 1210 et

172 1253 348 1302 commeatus
369 1247 491 1304 titulum
513 1249 681 1304 tribunatus
704 1255 735 1304 et
754 1247 901 1304 inscitiam
922 1249 1039 1304 rettulit
1048 1269 1057 1320 3

172 1343 222 1398 sed
248 1361 364 1400 noscere
390 1345 579 1420 provinciam,
612 1347 692 1402 nosci
723 1347 873 1416 exercitui,
906 1347 1014 1403 discere
1041 1366 1059 1402 a

171 1439 281 1513 peritis,
302 1441 384 1515 sequi
405 1441 538 1516 optimos,
559 1441 635 1498 nihil
656 1449 792 1516 appetere
808 1443 841 1498 in
862 1442 1057 1512 iactationem,
1079 1458 1081 1462 ·

171 1533 246 1589 nihil
266 1535 303 1590 ob
322 1535 508 1593 formidinem
525 1555 664 1604 recusare,
683 1537 828 1613 simulque
850 1543 880 1593 et
901 1537 1006 1592 anxius
1027 1541 1058 1593 et

172 1628 303 1685 intentus
321 1650 411 1703 agere.
463 1631 532 1687 Non
554 1651 622 1688 sane
643 1631 715 1687 alias
734 1632 888 1688 excitatior
910 1631 1057 1706 magisque

170 1726 203 1781 in
226 1725 361 1800 ambiguo
385 1726 540 1784 Britannia
562 1727 627 1784 fnit.
670 1727 820 1784 Trucidati
846 1729 986 1798 veterani,
1015 1728 1062 1782 in-

171 1840 271 1878 censae
289 1823 424 1894 eoloniae,
445 1825 599 1900 intersepti
621 1826 785 1897 exercitus3
807 1837 871 1880 tum
893 1825 929 1880 de
953 1825 1056 1894 salute,

172 1936 240 1973 mox
253 1917 289 1975 de
302 1919 425 1976 victoria
438 1925 591 1978 certavere.
635 1921 717 1989 Quae
735 1926 839 1976 cuncta
857 1919 912 1974 etsi
929 1918 1057 1974 consiliis

171 2014 318 2089 ductuque
336 2015 457 2072 alterius
477 2018 645 2091 agebantur,
665 2037 698 2073 ac
717 2036 830 2074 summa
848 2035 946 2071 rerum
962 2020 993 2070 et
1013 2033 1056 2070 re-

171 2117 323 2182 cuperatae
339 2110 505 2183 provinciae
522 2111 615 2185 gloria
630 2113 662 2167 in
679 2113 780 2168 ducem
800 2111 892 2177 cessit,
911 2116 1002 2164 artem
1026 2115 1056 2165 et

171 2225 255 2261 usum
270 2212 300 2262 et
313 2207 446 2263 stimulos
460 2207 597 2264 addidere
612 2208 720 2277 iuveni,
735 2206 915 2280 intravitque
925 2207 1055 2260 animum

171 2301 306 2358 militaris
330 2302 437 2376 gloriae
459 2303 572 2378 cupide,
598 2304 714 2378 ingrata
739 2301 924 2376 temporibus,
950 2300 1057 2374 quibus

170 2399 288 2454 sinistra
302 2417 374 2473 erga·
390 2399 551 2456 eminentes
569 2399 779 2479 interpretatio,
797 2416 850 2452 nec
867 2397 963 2450 minus
983 2396 1057 2470 peri·

170 2495 268 2552 culum
282 2515 319 2551 ex
332 2515 437 2570 magna
450 2497 527 2551 fama
540 2515 628 2570 quam
641 2513 679 2550 ex
691 2495 774 2550 mala.

229 2591 286 2648 VI.
329 2591 410 2648 Hine
433 2591 471 2646 ad
492 2590 676 2665 capessendos
696 2589 881 2664 magistratus
901 2588 934 2643 in
954 2587 1055 2644 urbem

170 2686 314 2760 digressus
337 2685 500 2742 Domitiam
519 2686 716 2757 Decidianam,
735 2684 892 2760 splendidis
910 2683 1056 2739 natalibus

170 2791 272 2852 ortam,
301 2783 357 2838 sibi
383 2783 490 2851 iunxit,
519 2781 609 2856 idque
636 2781 855 2837 matrimonium
882 2779 919 2834 ad
946 2779 1056 2834 maiora

64 2953 65 2957 ἵ
139 2933 142 2940 ,
171 2880 278 2936 nitenti
300 2880 385 2936 decus
407 2898 440 2935 ac
457 2880 546 2936 robur
566 2881 630 2936 fnit.
673 2879 880 2953 Vixeruntque
899 2878 974 2933 mira
992 2895 1056 2932 eon-

169 2975 267 3032 cordia
293 2993 345 3050 per
371 2981 505 3033 mutuam
531 2976 682 3032 caritatem
709 2981 739 3032 et
765 2975 891 3031 invicem
919 2993 949 3030 se
975 2978 1055 3028 ante-

168 3072 310 3147 ponendo,
329 3072 388 3128 nisi
411 3073 489 3147 quod
509 3073 542 3129 in
561 3073 636 3129 bona
657 3089 748 3127 uxore
768 3076 853 3126 tanto
871 3070 963 3124 maior
982 3067 1054 3138 laus,

169 3175 280 3242 quanto
298 3169 330 3224 in
346 3169 423 3224 mala
437 3168 502 3242 plus
516 3168 617 3244 culpae
631 3172 681 3224 est.
724 3166 792 3223 Sors
806 3171 977 3240 quaesturae
991 3179 1055 3236 pro-

168 3263 294 3320 vinciam
312 3264 425 3337 Asiam,
440 3263 639 3340 proconsulem
656 3263 788 3320 Salvium
801 3259 952 3316 Titianum
965 3258 1052 3314 dedit.

170 3360 302 3428 Quorum
316 3368 422 3419 neutro
435 3369 588 3438 corruptus
601 3368 654 3434 est,
669 3377 846 3436 quamquam
860 3361 891 3414 et
906 3353 1055 3432 provincia

80 3501 83 3506 Δ
168 3456 250 3516 dives
273 3479 305 3516 ac
328 3468 430 3538 parata
450 3461 643 3539 peccantibus,
665 3463 695 3517 et
716 3456 870 3538 proconsul
887 3457 919 3512 in
939 3471 1053 3512 omnem
