2432 3784
175 231 214 298 '2'0
365 277 368 288 ·
433 233 638 296 CORNELII
665 230 809 292 raom
844 236 847 242 '

175 359 240 426 oum
254 369 401 444 plerisque
419 362 632 423 Britannorum
651 383 704 422 sua
723 361 937 421 defensantium
955 361 1064 439 proelio

175 464 328 540 congressi,
350 482 384 520 ac
411 480 496 538 saepe
516 463 649 532 victores,
674 459 831 536 aliquando
857 459 942 534 pulsi,
966 477 1000 515 eo
1027 459 1064 514 ad

175 566 339 618 extremum
366 558 481 634 inopiae
508 575 622 628 venere,
646 563 682 614 ut
705 556 914 613 infirmissimos
935 561 1062 628 suorum,

175 675 245 714 mox
258 661 336 712 sorte
349 655 451 712 ductos
470 659 663 711 vescerentur.
705 652 808 729 Atque
821 653 864 709 ita
879 653 1062 708 circumvecti

176 753 370 824 Britanniam,
395 752 507 808 amissis
534 769 586 826 per
611 751 758 807 inscitiam
786 748 904 824 regendi
930 749 1062 818 navibus,

175 871 228 928 pro
245 850 440 926 praedonibus
461 848 562 920 habiti,
577 849 705 923 primum
719 847 737 904 a
750 847 862 919 Suavis,
878 866 946 904 mox
966 851 989 904 a'
1002 847 1065 904 Fri·

175 948 226 1005 siis
246 947 401 1023 intercepti
421 951 497 1002 suut.
539 945 587 1002 Ao
610 944 699 1015 fuere,
721 963 793 1019 quos
818 962 871 1019 per
894 943 1065 999 commercia

175 1045 358 1102 venundatos
385 1048 416 1100 et
441 1042 474 1098 in
501 1048 631 1099 nostram
657 1060 750 1116 usquo
780 1041 874 1116 ripam
902 1039 1065 1096 mutatione

175 1139 336 1196 ementium
349 1137 489 1194 adductos
502 1135 643 1193 indicium
656 1135 735 1192 tanti
748 1153 830 1193 casus
843 1135 1015 1192 illustravit.

235 1231 359 1289 XXIX.
395 1230 488 1288 Initio
502 1231 621 1287 aestatis
632 1230 770 1305 Agricola
780 1231 935 1288 domestico
945 1231 1066 1288 vulnere

175 1328 258 1386 intua.
300 1328 391 1384 Anno
408 1333 477 1384 ante
495 1334 600 1382 natum
614 1327 709 1383 filium
725 1327 825 1384 amisit
835 1347 844 1400 ;
866 1346 954 1403 quem
967 1345 1066 1384 casum

176 1443 278 1500 neque,
292 1429 328 1480 ut
348 1423 480 1500 plerique
497 1423 619 1480 fortium
632 1423 771 1494 virorum,
790 1423 949 1492 ambitiose,
970 1441 1066 1498 neque

176 1541 228 1598 per
241 1521 370 1577 lamenta
382 1538 483 1577 rursus
496 1538 529 1576 ac
542 1539 702 1577 maerorem
714 1519 897 1578 muliebriter
910 1518 988 1578 tulit
1026 1519 1066 1576 Et

176 1618 209 1674 in
222 1617 304 1674 luctu
317 1617 427 1674 bellum
441 1616 519 1674 inter
537 1617 665 1673 remedia
682 1624 752 1674 crat.
794 1616 894 1692 Igitur
909 1617 1064 1692 praemissa

177 1712 274 1784 classe,
289 1731 363 1788 quae
377 1712 510 1788 pluribus
523 1711 593 1768 locis
614 1711 752 1787 praedata
770 1730 909 1787 magnum
927 1717 958 1768 et
974 1711 1066 1768 incer-

176 1815 242 1866 tum
267 1815 405 1866 terrorem
428 1810 542 1880 faceret,
564 1810 700 1886 expedito
720 1811 858 1882 exercitu,
878 1810 926 1867 oui
945 1829 983 1867 ex
1003 1810 1066 1866 Bii-

177 1906 275 1962 tannis
288 1905 458 1962 fortissimos
476 1911 507 1962 et
526 1905 613 1980 longa
631 1924 701 1980 pace
721 1907 887 1982 exploratos
906 1906 1064 1978 addiderat,

176 2001 215 2057 ad
234 2006 364 2058 montem
382 2001 554 2077 Grampium
570 2002 713 2076 pervenit,
731 2021 819 2077 quem
836 2003 896 2059 iam
915 2002 1008 2060 hostis
1023 2003 1064 2058 in·

177 2097 297 2154 sederat
339 2097 418 2153 Nam
442 2096 588 2167 Britanni,
612 2096 689 2153 nihil
714 2097 801 2154 fracti
823 2117 938 2174 pugnae
961 2099 1066 2174 prioris

178 2201 295 2265 eventu,
311 2199 341 2251 ot
360 2194 503 2251 ultionem
523 2199 576 2250 aut
599 2193 754 2250 servitium
773 2200 981 2270 exspectantes,
1002 2201 1066 2250 ten-

177 2288 301 2364 demque
322 2289 401 2345 docti
422 2305 573 2344 commune
594 2287 756 2362 periculum
775 2289 928 2345 eoncordia
948 2288 1066 2363 propul-

178 2385 309 2455 sandum,
324 2384 518 2460 legationibm
532 2389 563 2440 et
578 2383 742 2442 foederibus
760 2384 891 2442 omnium
911 2384 1066 2440 civitatum

178 2480 256 2536 vires
277 2479 451 2536 asciverant
494 2479 617 2555 Iamque
633 2497 720 2555 super
735 2480 859 2556 triginta
874 2480 956 2536 milia
974 2498 1067 2536 arma-

179 2583 277 2634 torum
290 2575 511 2652 aspiciebeutur,
524 2581 555 2632 et
567 2575 662 2633 adhuc
675 2576 811 2632 affluebat
821 2575 915 2634 omnis
927 2574 1067 2632 iuventus

178 2682 209 2730 et
222 2673 329 2747 quibua
347 2671 435 2728 cruda
453 2690 487 2730 ao
504 2671 608 2728 viridia
625 2677 765 2743 senectus,
780 2671 852 2728 olari
871 2669 948 2727 bello
966 2674 997 2728 et
1014 2688 1067 2726 aua

179 2768 302 2842 quisque
325 2767 429 2824 decora
450 2772 606 2844 gestantes,
629 2786 721 2842 quum
747 2767 828 2824 inter
853 2765 952 2841 plures
980 2765 1067 2822 duces

179 2865 292 2920 virtute
317 2870 348 2920 et
374 2882 479 2939 genere
504 2868 662 2938 praestans,
684 2862 801 2920 nomine
821 2861 967 2936 Calgacus,
989 2860 1068 2936 apud

171 2963 358 3017 contractam
371 2959 593 3016 multitudinem
606 2957 746 3035 proelium
761 2964 927 3034 poscentem
939 2956 972 3012 in
989 2955 1067 3014 huuc

179 3058 299 3115 modum
311 3056 426 3114 locutus
438 3057 551 3114 fertur:

181 3201 390 3247 xxx-xxm.
432 3183 538 3260 spect
555 3183 593 3258 of
605 3181 748 3258 Gelpaeas
765 3191 792 3241 to
818 3181 864 3240 eo
885 3201 979 3257 army.
1020 3181 1069 3240 He

220 3271 316 3332 duello
333 3291 371 3330 ea
388 3271 432 3330 tte
449 3290 576 3346 arqeney
589 3269 627 3342 of
637 3270 683 3327 tte
702 3269 793 3339 crisio,
812 3287 850 3326 ea
872 3267 916 3326 tte
934 3267 1068 3343 hopeless-

219 3379 284 3418 mao
305 3358 343 3433 of
359 3378 454 3434 escape
465 3358 551 3433 from
577 3356 622 3415 tte
644 3355 759 3414 Remeat
777 3355 835 3413 luat
855 3354 893 3429 of
908 3354 1067 3426 domnion,

220 3465 260 3506 on
282 3446 327 3505 tle
348 3445 451 3505 almost
471 3444 704 3518 certa-iaceamus
721 3441 813 3500 saliet
830 3441 891 3500 will
906 3442 1005 3500 attend
1025 3440 1070 3500 tte
