2432 3784
145 929 232 989 Tahle
251 929 432 1006 ochaaopes
448 931 482 990 ic
499 932 591 990 which
609 932 653 990 tiae
668 932 739 990 Post
758 931 856 1007 ostiis
869 931 992 990 saum
1006 931 1043 1006 os

279 1033 323 1092 tiae
337 1033 473 1109 Aqriocla
485 1033 674 1110 differssrom
688 1035 750 1093 ttae
763 1034 800 1109 of
799 1087 803 1093 .
808 1034 904 1092 Orelli.

336 1309 443 1361 Onnum.
760 1311 788 1360 c.
806 1321 861 1358 aun
879 1311 909 1358 B.

140 1422 189 1470 ch.
209 1421 261 1471 IV.
295 1421 429 1471 Caesarum
641 1423 751 1472 Caesaris

293 1507 364 1565 pater
374 1502 460 1564 [Julii]
636 1508 706 1565 pater
717 1503 765 1550 iuit

223 1582 253 1630 V.
293 1583 447 1631 exercitatior
640 1584 770 1631 excitatior

217 1663 252 1711 X.
292 1662 358 1712 unde
376 1669 402 1712 et
418 1664 537 1712 universis
553 1665 620 1712 fama
641 1664 705 1712 unde
725 1668 750 1712 et
766 1663 792 1710 in
809 1663 950 1711 universum
969 1663 1035 1710 fama

320 1749 359 1792 eet
368 1749 519 1807 transgressa
672 1749 709 1792 est
719 1749 872 1806 transgressa

295 1839 368 1887 quam
377 1825 397 1881 †
407 1824 524 1872 hactenus
530 1824 625 1888 jussum
642 1823 922 1888 quiahaotenusjuarum
929 1822 1035 1871 ethiems

321 1909 346 1953 et
362 1905 439 1954 hiems
455 1906 561 1954 abdebat
672 1905 805 1969 appetebat

210 1985 259 2034 x1.
293 1985 417 2034 habitasse
640 2001 771 2049 occupasse

294 2067 450 2128 persuasione
638 2067 805 2129 persuasiones

188 2145 270 2194 XIII.
290 2148 311 2204 †
323 2146 469 2194 auctoritate
480 2147 558 2209 operia
638 2152 724 2195 auctor
733 2147 816 2196 iterati
826 2149 904 2208 operis

198 2223 259 2272 XV.
292 2239 380 2273 manus
639 2239 739 2274 manum

165 2305 275 2355 XVIII.
293 2307 324 2354 ad
335 2306 485 2354 occasionem
495 2309 623 2354 uterentur
638 2307 670 2354 ad
681 2310 831 2359 occasionem
843 2317 999 2361 verterentur

183 2387 263 2436 XIX.
296 2389 388 2436 nescire
640 2389 716 2436 ascire

195 2467 258 2517 XX.
295 2472 367 2517 tanta
640 2473 666 2516 et
676 2475 748 2518 tanta

187 2547 264 2598 XXI.
294 2548 395 2597 inbelle
641 2549 703 2597 bello

178 2628 274 2677 XXII.
296 2628 418 2677 adTaum
642 2629 674 2676 ad
685 2629 795 2678 Tanaum

296 2708 356 2756 nihil
367 2711 490 2770 superest;
501 2710 621 2756 secretum
637 2707 697 2756 nihil
717 2714 828 2772 superest
843 2714 971 2770 secretum,
991 2717 1019 2758 ut

322 2793 347 2838 et
363 2788 487 2836 silentium
503 2787 555 2852 ejus
571 2804 620 2837 non
670 2789 795 2839 silentium
806 2790 859 2854 ejus
870 2807 920 2839 non
932 2791 1030 2839 timeres

323 2869 422 2917 ilmeres

178 2949 269 2998 XXV.
296 2964 452 3024 oppugnasse
638 2965 781 3014 oppugnare

154 3026 279 3078 XXVII.
299 3025 415 3074 Britanni
431 3029 452 3086 †
469 3043 519 3075 non
531 3028 623 3076 virtute
640 3029 755 3077 Britanni
770 3045 820 3077 non
834 3030 926 3077 virtute
942 3029 984 3077 sed
995 3046 1033 3078 oc-

329 3106 372 3154 sed
388 3107 516 3156 occasione
531 3113 555 3155 et
572 3116 625 3156 arte
673 3111 771 3158 cacione
781 3115 807 3158 et
814 3115 868 3158 arte
876 3109 944 3158 ducis
955 3110 1033 3158 elusos

328 3187 397 3236 ducis
409 3188 456 3236 rati
672 3190 720 3238 rati

144 3265 283 3318 XXVIII.
297 3281 355 3314 mox
366 3266 398 3314 ad
410 3282 499 3329 aquam
511 3273 623 3331 atquont
646 3285 704 3316 mox
715 3268 746 3316 ad
763 3283 853 3331 aquam
872 3273 947 3330 atque
963 3268 1034 3316 utilia

327 3346 370 3395 illa
383 3347 462 3410 raptis
480 3362 563 3396 secum
579 3349 629 3410 plc·
679 3350 801 3413 rapientes
812 3365 869 3397 cum
880 3349 1001 3412 plerisque

327 3443 409 3490 risque
