2432 3784
161 257 209 320 281
333 309 336 317 .
414 255 794 316 'contaminatius
825 271 832 324 J
893 311 901 324 ,,

160 393 191 446 at
204 392 306 444 exacta
323 387 383 446 iam
398 392 507 444 aestate
526 387 622 464 spargi
637 385 747 443 bellum
763 387 910 462 nequibat,
926 387 959 444 in
976 387 1056 445 fines

160 483 349 540 Borestorum
375 483 537 540 exercitum
560 483 683 540 deducit.
725 481 775 538 Ibi
797 483 921 559 acceptis
944 483 1048 541 obsidi-

159 578 222 648 bus,
249 578 395 654 praefecto
423 577 521 636 classis
547 576 725 635 circumvehi
755 577 939 635 Britanniam
967 572 1048 654 prae-

142 673 237 749 cipit
281 673 375 730 Datae
388 673 469 755 adici
483 673 566 744 vires,
582 679 612 729 et
627 679 820 748 praecesserat
835 680 936 734 terror.
978 675 1046 750 Ipse

159 769 288 843 peditem
314 775 402 843 atque
428 769 541 844 equites
567 769 648 825 lento
674 769 786 841 itinere,
816 789 878 845 quo,
903 789 1046 828 novarum

158 867 290 940 gentium
317 866 409 922 animi
434 867 497 942 ipsa
522 866 664 924 transitus
690 885 772 923 mora
797 872 987 938 terrerentur,
1013 869 1045 924 in

158 959 287 1016 hibernis
307 960 428 1032 locavit;
453 967 483 1018 et
502 961 589 1018 simul
609 961 706 1018 classis
727 962 853 1018 secunda
875 967 1045 1038 tempestate

158 1075 191 1112 ao
217 1055 295 1112 fama
322 1056 527 1114 Trutulensem
549 1063 666 1134 portum
686 1058 791 1130 tenuit,
812 1057 891 1114 unde
912 1059 1045 1134 proximo

158 1150 329 1208 Britanniae
342 1152 433 1210 latere
446 1153 521 1210 lecto
534 1152 614 1210 omni
626 1153 758 1210 redierat

217 1247 375 1307 XXXIX.
417 1249 509 1308 Hunc
521 1268 619 1306 rerum
633 1267 756 1321 cursum,
770 1268 946 1326 quamquam
962 1249 1044 1308 nulla

157 1345 311 1401 sorborum
340 1345 479 1402 iactantia
505 1345 634 1422 epistolis
663 1345 818 1420 Agricolae
848 1352 974 1416 auctum,
1009 1353 1044 1402 ut

158 1443 330 1500 Domitiano
352 1443 440 1500 moris
461 1448 532 1514 erat,
554 1443 650 1500 fronte
673 1442 775 1512 laetus,
799 1447 914 1518 pectore
936 1442 1043 1499 anxius

157 1543 279 1614 excepit.
314 1539 415 1596 Inerat
428 1539 602 1596 conscientia
616 1539 724 1596 densui
734 1538 822 1595 fuisse
833 1556 926 1613 nuper
939 1539 1041 1595 falsum

157 1656 174 1692 e
184 1636 341 1692 Germania
350 1636 542 1712 triumphum,
554 1637 659 1712 emptis
669 1654 721 1711 per
731 1635 909 1702 commercia,
919 1653 1043 1710 quornm

156 1731 274 1796 habitus
287 1739 317 1788 et
333 1732 428 1790 crines
442 1733 474 1789 in
492 1733 672 1808 captivorum
690 1731 814 1808 speciem
833 1732 1042 1804 formarentur3

155 1833 187 1882 at
213 1847 292 1886 nuno
319 1847 419 1884 veram
445 1845 637 1903 magnamque
665 1827 820 1884 victoriam
848 1833 894 1884 tot
924 1827 1042 1884 milibus

155 1923 282 1980 hostium
297 1925 385 1982 caesis
398 1923 512 1999 ingenti
524 1925 601 1982 fama
615 1923 760 1981 celebrari.
796 1923 834 1980 Id
847 1922 903 1978 sibi
915 1921 1042 1978 maxime

155 2020 382 2092 formidolosum,
398 2021 507 2096 privati
525 2019 650 2076 hominis
669 2037 777 2076 nomen
796 2037 884 2094 supra
902 2017 1041 2094 principis

154 2117 252 2172 attolli
258 2136 266 2188 3
288 2117 398 2173 frustra
420 2115 518 2173 studia
540 2116 596 2172 fori
619 2122 650 2172 et
672 2114 803 2172 civilium
825 2113 934 2170 artium
955 2113 1042 2170 decus

154 2209 187 2264 in
200 2208 350 2265 silentium
364 2215 436 2280 acta,
446 2209 471 2264 si
484 2207 639 2264 militarem
648 2206 771 2283 gloriam
784 2206 859 2262 alius
873 2217 1025 2280 occuparet
1031 2223 1040 2276 3

154 2308 185 2359 et
212 2309 307 2360 cetera
332 2310 491 2379 utcumque
517 2303 631 2360 facilius
658 2301 842 2369 dissimulari,
868 2299 949 2356 dnus
972 2299 1041 2355 boni

153 2399 370 2474 imperatoriam
386 2399 528 2456 virtutem
544 2416 611 2455 esse
652 2398 771 2454 Talibus
789 2395 866 2452 curis
886 2394 1038 2464 exercitus,

153 2499 289 2574 quodque
302 2517 403 2554 saevae
417 2497 601 2572 cogitationis
614 2495 754 2552 indicium
768 2497 838 2562 erat,
860 2496 969 2548 secreto
988 2509 1040 2548 suo

153 2593 282 2664 satiatus,
293 2593 437 2668 optimum
452 2593 483 2648 in
494 2590 656 2666 p1aesentia
667 2589 772 2646 statuit
781 2605 920 2661 reponere
930 2586 1037 2655 odium,

153 2689 244 2745 donee
264 2690 390 2764 impetus
409 2688 503 2744 famae
523 2693 553 2744 et
571 2687 653 2742 favor
671 2683 815 2740 exercitus
831 2682 1037 2756 languesceret.

153 2782 232 2840 Nam
246 2785 400 2840 etiamtum
413 2781 552 2858 Agricola
565 2780 749 2836 Britanniam
762 2777 921 2834 obtinebat.
1073 2775 1076 2780 ’

152 2959 321 3001 xn—xnvr.
353 2958 416 3001 an.
442 2941 594 3000 st-an.
620 2939 665 2996 93.
711 2937 809 2995 Boeoti
834 2935 871 3011 of
890 2935 1035 3011 Agricola.

191 3030 252 3087 His
278 3030 340 3088 colel
367 3029 507 3103 recepticio
536 3027 572 3102 by
598 3026 642 3084 tta
672 3024 822 3100 Emperor.
864 3023 923 3080 His
950 3043 1038 3097 proto

191 3118 244 3192 inq
269 3116 441 3193 popularity
469 3115 530 3173 aad
541 3177 542 3181 ,
557 3123 724 3188 consequent
752 3113 862 3188 danger
878 3111 963 3184 from
994 3111 1038 3167 tta

191 3204 355 3280 Emporor’s
372 3203 515 3280 jealoasp.
560 3201 607 3258 He
633 3201 755 3258 declines
781 3221 801 3257 o
826 3197 1035 3256 Proconsulatc.

191 3291 251 3348 His
264 3291 365 3360 dealt·
383 3291 421 3348 ita
433 3288 593 3364 suspiciosos
606 3288 840 3352 circumlatam
860 3283 926 3357 why
937 3303 1039 3358 oppor-

189 3387 259 3436 taac
282 3379 345 3436 acad
365 3387 392 3436 to
416 3378 445 3436 bc
466 3375 583 3436 deseret
628 3373 809 3448 Concladiaq
829 3369 979 3446 reflectione
1000 3389 1038 3428 oa

190 3465 331 3540 Agricola.
