2446 3784
159 239 197 296 26
428 233 632 296 CORNELII
656 233 822 294 rrum,

158 387 193 426 ao
213 365 268 424 seli
291 365 422 422 omnium
444 364 586 432 sucinum,
611 363 690 439 quod
713 363 771 439 ipsi
794 363 907 440 glesum
932 371 1048 436 uocant,¹

158 465 238 521 inter
257 463 333 519 vada
356 468 445 536 atque
466 461 499 516 in
521 461 592 536 ipso.
608 459 708 516 littore
731 460 840 534 legunt
883 461 948 518 Nec
974 479 1050 536 quac

159 565 274 630 natura,
296 576 407 634 quaeve
430 558 506 614 ratio
527 557 636 632 gignat,
655 562 694 612 ut
717 557 855 626 barbaris,
884 558 1049 632 quaesitum

159 661 376 730 compertumve
383 673 391 725 ;
406 653 457 710 diu
468 653 541 730 quin
554 653 644 709 etiam
657 653 738 708 inter
750 658 845 709 cetera
858 653 1050 710 eiectamenta

160 753 249 808 maris
275 749 395 820 iacebat,
424 749 515 806 donec
540 749 660 806 luxuria
689 756 790 806 nostra
821 751 903 807 dedit
933 771 1048 809 nomem

161 847 240 924 Ipsis
259 847 291 903 in
312 846 395 902 nullo
416 865 488 919 usu;
509 846 582 902 rude
607 845 723 922 legitur,
748 846 871 904 informe
894 849 1049 922 perfertur,

160 943 345 1020 pretiumque
365 943 507 998 mirantes
527 943 683 1017 accipiunt.
724 943 834 1001 Sucum
853 951 953 1001 tamen
970 947 1051 1002 arbo-

162 1059 228 1096 rum
242 1059 302 1097 esse
319 1039 473 1114 intelligas,
491 1040 562 1115 quia
574 1045 692 1097 terrena
704 1041 846 1116 quaedam
859 1048 948 1118 atque
962 1044 1052 1100 etiam

161 1137 292 1194 volucria
318 1137 456 1193 animalia
482 1136 655 1212 plerumque
681 1138 866 1211 interlucent,
895 1159 970 1215 quae
999 1140 1052 1196 im-

161 1232 269 1307 plicata
292 1231 413 1288 humore
436 1251 507 1288 mox
533 1231 704 1290 durescente
731 1234 854 1290 materia
880 1235 1051 1292 cluduntur.

163 1329 344 1386 Fecundiora
374 1329 466 1404 igitur
497 1349 616 1386 nemora
649 1330 793 1406 lucosque,
825 1331 902 1388 sicut
931 1331 1051 1389 orientis

163 1427 287 1493 secretis,
308 1427 363 1483 'ubi
386 1432 454 1483 tura
477 1426 662 1503 balsamaque
686 1428 801 1496 sudant,
826 1428 869 1484 ita
895 1427 1051 1484 occidentis

162 1525 267 1582 insulis
288 1525 432 1600 terrisque
455 1525 549 1581 inesse
573 1525 753 1597 crediderim,
777 1545 852 1600 quae
874 1525 963 1580 vicini
984 1524 1052 1580 solis

163 1623 252 1680 radiis
274 1641 408 1698 expressa
434 1627 523 1698 atque
550 1622 695 1698 liquentia
720 1624 753 1678 in
779 1622 947 1698 proximum
972 1639 1057 1677 mare

163 1721 311 1790 labuntur,
336 1739 370 1776 ac
387 1719 419 1776 vi
442 1723 650 1794 tempestatum
670 1720 702 1776 in
721 1719 841 1776 adversa
860 1718 948 1774 litora
962 1736 1052 1774 exun-

164 1818 243 1874 dant
275 1816 307 1874 Si
320 1822 457 1874 naturam
471 1817 565 1873 sucini
575 1817 692 1873 admoto
702 1817 770 1892 igne
778 1821 881 1884 tentes,
892 1815 923 1870 in
934 1813 1053 1870 modum

164 1915 266 1970 taedae
301 1914 477 1982 accenditur,
516 1913 631 1988 alitque
663 1913 811 1972 flammam
847 1911 986 1988 pinguem
1021 1918 1053 1966 et

165 2011 307 2082 olentem;
328 2029 398 2066 mox
413 2014 449 2065 ut
464 2009 496 2065 in
514 2009 608 2084 picem
624 2011 787 2067 resinamve
804 2007 946 2065 lentescit.
989 2005 1054 2061 Sui-

165 2108 268 2163 onibus
289 2105 426 2164 Sitonum
443 2107 544 2182 gentes
568 2105 784 2166 continuantrr.
821 2105 924 2164 Cetera
946 2103 1055 2160 similes

165 2221 224 2258 uno
248 2202 395 2274 differunt,
422 2204 501 2278 quod
524 2203 634 2260 femina
655 2203 830 2260 dominatur.
874 2201 913 2258 In
936 2204 1055 2257 tantum

165 2316 225 2354 nou
248 2297 334 2354 modo
355 2317 373 2354 a
396 2297 542 2367 libertate,
560 2300 610 2356 sed
628 2300 717 2357 etiam
735 2319 753 2356 a
773 2299 915 2356 seruitute
935 2297 1055 2371 degene-

166 2399 243 2450 rant.
284 2391 346 2450 Hic
360 2391 484 2452 Sueviae
498 2395 571 2452 finis.

167 2594 246 2636 XLVI.
291 2575 389 2634 Tribus
412 2573 449 2648 of
465 2575 598 2650 doubtful
620 2575 796 2650 uutiouuldp
819 2575 904 2634 about
927 2575 971 2632 llic
998 2573 1058 2631 Vu-

207 2663 277 2721 tula
322 2663 380 2720 rue
411 2661 542 2730 Peucini,
577 2661 680 2736 Veneti,
709 2663 812 2720 Fercui.
855 2661 967 2736 Sarapa
995 2660 1060 2718 uad

208 2749 354 2809 miseratis
367 2749 419 2823 life
434 2748 471 2822 of
479 2748 526 2835 rue,
536 2748 641 2806 Fauni.
681 2748 829 2808 Fadulous
842 2749 933 2807 tribes.

228 2878 345 2937 XLVI.
383 2873 579 2936 Peucinorum
592 2878 833 2954 Venetorumque
847 2883 877 2934 et
891 2876 1057 2933 Fennorum

168 2976 302 3032 nationes
338 2973 492 3032 Germanis
521 2992 560 3029 au
595 2973 737 3030 Sarmatis
767 2973 916 3042 ascribam,
945 2971 1057 3040 dubito,

169 3090 347 3150 quamquam
368 3069 498 3140 Peucini,
522 3088 595 3146 quos
618 3069 739 3146 quidam
761 3069 921 3127 Bastarnas
941 3072 1057 3137 vocant,

170 3186 308 3240 sermone,
328 3165 420 3236 cultu,
445 3165 512 3222 sede
529 3185 563 3222 ac
579 3167 733 3224 domiciliis
751 3174 787 3223 ut
801 3165 940 3223 Germani
957 3170 1057 3239 agunt

170 3266 274 3324 Sordes
288 3265 427 3336 omnium,
442 3282 476 3321 ac
492 3269 592 3340 torpor
606 3283 774 3340 procerum3
796 3263 948 3320 connubiis
965 3261 1061 3318 mistis

170 3362 305 3421 nonnihil
319 3363 351 3418 in
365 3361 565 3425 Sarmatarum
579 3361 713 3418 habitum
725 3360 888 3418 foedantur.

230 3460 342 3518 Veneti
355 3459 484 3517 multum
501 3477 539 3517 ex
555 3459 684 3517 moribus
702 3463 873 3529 traxerunt3
893 3477 962 3514 nam
978 3457 1060 3533 ¹quic·
