2446 3784
181 245 198 298 2
439 239 642 300 CORNELII
669 240 812 301 TAOH'J

179 370 249 444 quia
270 387 324 426 nec
346 374 425 426 terra
448 369 518 426 olim
540 370 590 427 sed
611 370 751 428 classibus
771 370 999 437 advehebantur,
1020 369 1074 445 qui

180 473 294 522 mutare
307 467 388 523 sedes
401 467 587 542 quaerebant,
603 474 633 524 et
645 469 803 524 immensus
822 468 902 523 ultra
920 472 1012 542 utque
1031 465 1074 522 sic

181 561 306 638 dixerim
315 561 453 619 adversus
467 543 599 620 (lceanus
611 563 685 620 raris
698 564 735 620 ab
748 564 818 620 orbe
831 569 930 620 nostro
948 565 1074 621 navibus

180 657 286 714 aditur.
350 657 423 726 Quis
450 677 545 734 porro,
573 665 689 735 praeter
715 659 878 734 periculum
904 659 1017 717 horridi
1043 668 1074 717 et

180 754 277 830 ignoti
294 757 391 826 maris,
406 756 482 814 Asia
502 762 554 813 aut
576 758 679 814 Africa
702 763 755 813 aut
771 756 861 814 Italia
880 757 983 813 relicta
1003 755 1075 814 Ger-

89 853 92 859 '
181 850 309 908 maniam
343 856 464 927 peteret,
502 852 658 910 informem
693 853 787 922 terris,
820 871 952 928 asperam
982 853 1072 923 coelo,

181 949 295 1005 tristem
309 948 392 1005 cultu
405 955 588 1024 aspectuque,
604 948 662 1004 nisi
675 948 701 1005 si
713 948 810 1024 patria
823 949 881 1006 sit‘l

241 1042 397 1100 Celebrant
420 1043 605 1100 carminibus·
618 1044 757 1120 antiquie,
780 1045 857 1120 quod
880 1064 973 1101 unum
996 1047 1075 1121 apud

181 1139 247 1196 illos
278 1141 434 1196 memoriae
464 1145 495 1196 et
526 1141 676 1198 annalium
703 1160 795 1216 genus
822 1148 873 1213 est,
903 1143 1074 1200 Tuistonem

182 1237 269 1294 deum
295 1241 375 1293 terra
401 1237 521 1308 editum,
555 1243 585 1294 et
616 1237 710 1294 filium
742 1237 896 1308 Mannum,
932 1239 1075 1314 originem

181 1332 277 1406 gentis
299 1331 525 1407 conditoresque.
569 1331 682 1390 Manno
703 1337 758 1391 tris
780 1335 855 1391 filios
876 1335 1034 1410 assignant,
1053 1355 1075 1400 ¹e

182 1444 306 1500 quorum
319 1426 486 1482 nominibus
500 1429 626 1501 proximi
648 1427 762 1486 Oceano
783 1429 969 1505 Ingaevones,
985 1430 1076 1487 medii

182 1523 388 1596 Herminones,
404 1525 494 1582 ceteri
508 1526 677 1584 lstaevones
696 1534 844 1584 vocentur.
889 1529 1023 1600 Quidam,
1039 1536 1076 1586 ut

182 1622 214 1678 in
227 1621 347 1680 licentia
360 1624 524 1695 vetustatis,
539 1623 632 1699 pluris
647 1626 700 1682 deo
714 1631 792 1683 ortos
805 1626 956 1702 plurisque
976 1629 1073 1702 gentis

182 1723 399 1802 appellationes,
419 1723 540 1796 Marsos,
562 1725 754 1799 Gambrivios,
778 1725 897 1796 Suevos,
923 1725 1075 1782 Vandalos

182 1820 346 1893 affirmant;
376 1839 467 1897 caque
487 1841 557 1878 vera
577 1823 749 1898 etantiqua
768 1821 894 1880 nomina.
938 1819 1075 1878 Ceterum

184 1915 356 1974 Germaniae
370 1917 544 1974 vocabulum
564 1935 664 1973 recens
684 1923 714 1973 et
733 1935 828 1992 nuper
848 1916 989 1986 additum,
1005 1935 1076 1992 quo-

182 2013 270 2085 niam,
283 2013 335 2089 qui
348 2014 436 2089 primi
447 2013 586 2070 Rhenum
599 2013 770 2089 transgressi
784 2012 883 2069 Gallos
897 2012 1073 2088 expulerint,

183 2127 216 2165 ac
239 2127 318 2166 nuno
340 2109 458 2184 Tungri,
480 2115 552 2167 tunc
574 2109 712 2167 Germani
732 2109 829 2165 vocati
848 2110 917 2164 sint.
959 2107 1009 2165 Ita
1026 2127 1076 2165 na-

183 2206 272 2264 tionis
290 2225 397 2263 nomen
413 2225 473 2264 non
492 2207 588 2282 gentis
604 2207 745 2264 evaluisse
760 2205 910 2282 paulatim,
925 2212 961 2262 ut
975 2223 1076 2262 omues

183 2301 311 2377 primum
331 2321 349 2357 a
368 2302 478 2358 victore
499 2303 536 2358 ob
556 2309 675 2374 metum,
698 2321 767 2358 mox
787 2320 805 2357 a
825 2319 855 2357 so
869 2301 939 2376 ipsis
953 2300 1075 2357 invento

183 2397 301 2454 nomine
315 2397 453 2454 Germani
466 2403 648 2457 vocarentur.

136 2549 142 2562 ,
244 2493 305 2550 ΠΙ.
349 2493 451 2550 Fuisse
477 2494 555 2570 apud
582 2512 630 2550 eos
656 2500 687 2550 et
714 2493 875 2550 Herculem
900 2499 1075 2562 memorant,

185 2590 368 2666 primumque
388 2590 520 2647 omnium
539 2591 670 2648 virorum
690 2591 811 2647 fortium
831 2591 902 2647 ituri
920 2591 953 2646 in
965 2589 1078 2665 proelia

184 2692 301 2744 canunt
358 2685 435 2744 Sunt
461 2687 520 2744 illis
546 2687 617 2744 haec
644 2705 759 2763 quoquc
786 2690 922 2756 carmina,
951 2703 1077 2761 quorum

185 2781 289 2852 relatu,
304 2799 392 2856 quem
405 2781 554 2838 barditum
573 2788 687 2853 vocant,
709 2782 872 2838 accendunt
891 2781 1011 2852 animos,
1033 2780 1078 2838 fu·

186 2883 327 2953 turaequo
359 2896 473 2953 pugnae
504 2878 652 2935 fortunam
679 2878 742 2954 ipso
769 2883 856 2934 cantu
884 2881 1075 2952 augrnantur.

185 2974 306 3031 Torrent
320 2973 399 3029 enim
412 2974 606 3050 trepidamus,
621 2980 710 3052 prout
722 2975 822 3031 sonuit
837 2973 920 3044 acies,
941 2990 995 3030 nec
1014 2979 1077 3030 tam

185 3089 268 3128 voces
280 3071 347 3127 illae
361 3090 449 3146 quam
463 3072 582 3128 virtutis
596 3079 752 3128 concentus
762 3071 906 3128 videntur.
948 3068 1078 3126 Adfecta-

184 3175 235 3224 tur
257 3167 409 3244 praecipue
432 3167 572 3244 asperitas
590 3167 654 3224 soni
675 3174 704 3224 ct
726 3167 851 3223 fractum
873 3181 1006 3222 murmur
1028 3165 1079 3222 ob-

185 3264 267 3320 iectis
280 3263 317 3320 ad
337 3281 369 3320 os
389 3265 486 3336 scutis,
508 3283 567 3340 quo
585 3264 700 3341 plenior
719 3270 749 3321 et
768 3263 885 3339 gravior
904 3280 963 3318 vox
982 3279 1079 3336 reper-

185 3379 270 3418 cussu
283 3360 464 3418 intumescat.

245 3456 382 3515 Ceterum
395 3464 427 3516 et
439 3457 561 3517 Ulixem
575 3457 694 3534 quidam
714 3456 872 3532 opinantur
884 3454 971 3530 longo
984 3452 1035 3510 illo
1049 3459 1081 3510 et
