2446 3784
7 3677 40 3710 k

152 237 188 296 10
410 229 614 294 CORNELII
640 227 783 289 rAOJrJ

152 427 350 470 xva-xxva.
395 409 520 468 German
543 409 667 484 villaque.
709 407 924 466 Subtcrrarwaa
945 403 1040 462 dwcll·
1103 455 1106 462 Δ

192 500 265 574 iaus.
327 497 422 555 Druse.
476 497 627 570 Marciaue
654 495 730 554 aas.
753 515 755 520 ·
781 493 913 567 Oltactity
939 490 977 565 cf
997 490 1041 547 tlte

192 605 306 643 womero.
350 583 539 641 Paaisltmcat
553 582 740 657 ofadaltery.
785 580 931 652 Traiat'ay
947 576 1042 653 astla

192 672 326 729 childrea
369 671 474 728 Fcads.
517 669 691 738 Homicida·
710 668 772 725 tow
786 666 922 741 eapiaud.
966 664 1043 722 Hoe-

187 759 317 836 pt’talt'ty.
352 757 475 814 Riotoaa
488 756 633 813 character
646 755 683 829 of
690 755 762 811 their
776 754 918 827 banquets.
957 750 1044 808 wear

184 845 360 921 foed-loce
373 844 411 918 of
418 844 513 902 driak.
542 841 831 919 Sparta—addictae
844 850 871 897 to
884 839 1041 913 aautbliuq.

192 929 693 1005 Slater—contemptfcrfrcedmau
728 927 863 1000 Leadiup
876 946 915 982 ca
927 925 1045 982 interest

192 1017 347 1161 uakgowa.
392 1015 567 1092 Occupaticrt
580 1016 643 1074 aad
655 1014 752 1089 tillapa
766 1013 855 1087 ostie
869 1012 948 1070 laid.
984 1009 1044 1067 Fa-

192 1125 264 1162 aera
290 1105 364 1162 ritca.

213 1216 303 1273 XVI.
346 1216 452 1272 Nullas
480 1216 693 1273 Germanorum
717 1213 834 1290 populis
855 1213 942 1270 urbes
964 1212 1045 1269 habi-

153 1315 212 1370 tari
226 1315 297 1370 satis
311 1321 414 1370 notum
428 1320 480 1385 est,
502 1331 541 1369 ne
561 1313 623 1388 pati
644 1312 762 1387 quidem
782 1311 861 1368 inter
880 1330 910 1368 sc
931 1311 1046 1367 iunctas

154 1410 242 1468 sedes.
279 1408 389 1467 Colunt
403 1410 520 1466 discreti
534 1428 567 1465 ac
581 1408 698 1480 diversi,
714 1413 750 1464 ut
767 1407 840 1478 fons,
862 1414 897 1464 ut
918 1425 1045 1481 campus,

154 1513 189 1564 ut
210 1526 313 1564 nemus
334 1507 450 1582 placuit
493 1505 585 1562 Vicos
601 1505 700 1562 locant
718 1522 779 1560 non
796 1505 828 1561 in
842 1508 976 1559 nostrum
989 1520 1048 1557 mo

154 1623 216 1661 rem
235 1605 374 1660 connexis
396 1609 426 1659 et
446 1602 668 1660 cohaerentibus
690 1603 852 1674 aedificiis,
875 1619 958 1657 suam
972 1598 1049 1674 quis-

156 1720 212 1775 que
226 1701 344 1757 domum
359 1701 452 1776 spatio
466 1701 635 1770 circumdat,
651 1700 712 1756 sive
725 1701 865 1756 adversus
878 1715 960 1755 casus
972 1695 1049 1771 ignis

156 1796 326 1864 remedium,
340 1797 401 1852 sive
416 1797 532 1852 inscitia
546 1795 724 1852 aedificandi.
768 1794 816 1851 Ne
831 1798 1048 1850 caementorum

157 1893 275 1968 quidem
298 1893 377 1968 apud
400 1893 465 1948 illos
488 1897 541 1948 aut
564 1891 729 1967 tegularum
751 1910 842 1963 usus;
867 1891 990 1947 materia
1011 1889 1050 1945 ad

158 1989 255 2046 omnia
276 1995 404 2046 utuntur
425 1990 544 2046 informi
565 1999 595 2047 et
615 1991 690 2046 citra
710 1990 833 2066 speciem
853 1995 907 2046 aut
926 1988 1050 2045 delecta

159 2085 276 2143 tionem.
322 2084 471 2152 Quaedam
495 2086 559 2142 loca
582 2086 753 2161 diligentius
772 2085 895 2142 illinunt
915 2090 994 2140 terra
1007 2084 1051 2139 ita

159 2201 234 2258 pura
253 2201 286 2239 ac
306 2182 484 2258 splendente,
505 2190 541 2240 ut
560 2183 707 2258 picturam
726 2203 760 2240 ac
780 2184 959 2240 lineamenta
978 2181 1052 2238 colo·

159 2296 226 2334 rum
239 2277 380 2335 imitetur.
424 2277 526 2336 Solent
539 2285 570 2335 et
583 2279 787 2337 subterraneos
807 2298 909 2354 specus
929 2279 1050 2354 aperire,

161 2393 265 2450 eosque
288 2375 382 2432 multo
403 2375 523 2450 insuper
541 2375 610 2433 fimo
631 2382 762 2448 onerant,
784 2377 941 2452 suffugium
962 2375 1053 2433 hiemi

161 2478 192 2528 et
204 2471 416 2546 receptaculum
432 2471 573 2546 frugibus,
587 2472 657 2547 quia
672 2472 796 2548 rigorem
818 2473 959 2548 frigorum
979 2474 1054 2530 eius·

162 2568 242 2624 modi
254 2568 323 2624 locis
337 2568 483 2639 molliunt,
496 2575 526 2626 et
539 2569 565 2626 si
578 2570 694 2644 quando
709 2571 800 2628 hostis
814 2571 942 2638 advenit,
952 2576 1054 2646 aperta

162 2665 328 2741 populatur,
343 2665 443 2721 abdita
456 2671 555 2722 autem
568 2672 599 2723 et
612 2667 723 2724 defossa
736 2674 788 2724 aut
806 2669 986 2743 ignorantur,
1001 2675 1055 2725 aut

163 2781 197 2820 eo
211 2763 273 2837 ipso
287 2761 402 2831 fallunt,
418 2762 496 2837 quod
510 2763 676 2838 quaerenda
689 2770 767 2820 sunt.

223 2857 333 2916 XVII.
377 2858 526 2934 Tegumen
550 2859 685 2922 omnibus
709 2878 810 2936 sagum
832 2860 923 2917 fibula
943 2867 1004 2933 ant,
1029 2862 1055 2917 si

164 2955 247 3028 desit,
281 2955 365 3030 spina
395 2961 568 3014 consertum.
625 2955 729 3013 (latera
756 2957 860 3013 intecti
887 2962 967 3013 totos
993 2956 1056 3015 dies

164 3052 249 3108 iuxta
261 3050 356 3108 focum
371 3055 459 3126 atque
472 3051 570 3126 ignem
584 3059 684 3125 agunt.
727 3051 961 3127 Locupletissimi
973 3058 1056 3110 veste

165 3148 395 3224 distinguuntur,
409 3167 469 3204 non
482 3148 626 3218 fluitante,
641 3149 717 3205 sicum
731 3147 880 3204 Sarmatae
894 3167 927 3204 aa
941 3147 1055 3220 Parthi,

166 3245 215 3302 sed
236 3246 337 3302 stricta
356 3251 387 3302 at
407 3245 538 3322 singulos
557 3255 640 3304 artus
660 3246 851 3322 exprimente.
895 3246 1011 3304 (ierunt
1026 3255 1058 3306 et

167 3341 291 3398 serarum
315 3341 414 3419 pelles,
438 3341 565 3418 proximi
586 3343 666 3419 ripae
689 3343 879 3419 negligenter,
905 3343 1059 3403 ulteriores

170 3438 351 3509 exquisitius.
376 3444 412 3496 ut
434 3440 540 3515 quibus
562 3439 661 3496 nullus
684 3459 734 3514 per
757 3440 929 3498 commercia
951 3440 1056 3498 cultus
1204 3421 1208 3628 j
