2446 3784
326 279 546 341 GERMANJA
575 277 849 339 XVI—XXVII.
1000 273 1033 334 11

144 413 267 488 Eligant
280 413 363 484 feras,
386 419 416 469 et
436 412 567 470 damma
586 410 733 468 velamina
752 410 895 486 spargunt
914 406 1036 464 maculis

143 509 325 584 pellibusque
352 508 513 580 beluarum,
539 525 611 583 quas
635 507 764 563 exterior
788 504 921 562 Oceanus
948 507 1037 577 atque

142 607 276 682 ignotum
295 623 375 662 mare
394 605 496 680 gignit
539 604 604 662 Nec
624 603 699 660 alius
719 602 835 659 feminis
856 619 946 676 quam
964 599 1037 655 viris

144 702 271 774 habitus,
297 703 355 760 nisi
379 702 457 778 quod
480 703 606 759 feminae
630 701 744 776 saepius
767 699 854 756 lineis
881 697 1037 755 amictibus

144 799 289 868 velantur,
305 817 410 872 eosque
424 817 554 874 purpura
573 797 698 868 variant,
720 801 893 872 partemque
912 792 1039 849 vestitus

146 894 301 969 superioris
323 893 356 949 in
379 893 507 950 manicas
528 912 588 949 non
610 892 783 962 extendunt,
803 890 900 947 nudae
920 889 1040 946 brachia

146 1009 180 1046 ac
193 990 316 1046 lacertos
328 1009 337 1062 3
359 989 410 1046 sed
423 995 454 1046 et
466 989 601 1065 proxima
614 1007 680 1064 pars
693 987 819 1064 pectoris
832 991 921 1062 patet.

206 1085 333 1143 XVIII.
377 1085 561 1162 Quamquam
581 1104 681 1142 severa
699 1083 762 1141 illic
774 1082 970 1152 matrimonia,
985 1101 1039 1138 nec

146 1181 238 1238 ullam
251 1200 366 1238 morum
385 1186 499 1256 partem
520 1181 612 1256 magis
632 1180 805 1236 laudaveris.
847 1178 879 1234 N
880 1198 928 1235 am
949 1197 1040 1256 prope

148 1277 202 1334 soli
220 1278 410 1334 barbarorum
430 1277 553 1353 singulis
572 1277 715 1334 uxoribus
735 1275 867 1333 contenti
888 1281 965 1347 sunt,
990 1293 1040 1331 ex-

148 1375 239 1450 ceptis
254 1374 411 1432 admodum
431 1374 538 1450 paucis,
554 1374 606 1448 qui
625 1391 686 1430 non
706 1373 835 1446 libidine,
859 1373 911 1429 sed
930 1373 967 1429 ob
991 1391 1041 1428 no-

148 1469 294 1526 bilitatem
317 1469 452 1544 plurimis
475 1470 587 1544 nuptiis
611 1469 790 1528 ambiuntur.
846 1469 956 1526 Dotem
980 1487 1040 1524 non

149 1583 225 1620 uxor
237 1565 351 1636 marito,
367 1563 418 1620 sed
436 1565 524 1620 uxori
543 1565 667 1621 maritus
687 1564 782 1621 offert.
823 1564 978 1620 Intersunt
991 1583 1042 1638 pa

150 1665 247 1716 rentes
267 1667 297 1716 et
317 1659 476 1735 propinqui
496 1679 530 1716 ac
549 1679 673 1716 munera
686 1659 819 1734 probant,
835 1677 966 1729 munera,
981 1677 1039 1714 non

150 1756 188 1812 ad
201 1755 320 1812 delicias
333 1753 490 1812 muliebres
504 1755 643 1832 quaesita,
657 1773 710 1810 nec
724 1754 831 1828 quibus
850 1773 927 1809 nova
947 1759 1042 1827 nupta

151 1857 290 1924 comatur,
313 1851 363 1908 sed
386 1851 482 1924 boves,
506 1857 537 1908 et
559 1852 706 1908 frenatum
730 1871 847 1928 equum,
872 1858 903 1909 et
926 1859 1039 1908 scutum

150 1965 217 2002 cum
231 1943 341 2002 framea
353 1945 516 2023 gladioque.
558 1947 598 2003 In
611 1947 682 2004 haec
702 1965 824 2004 munera
843 1966 920 2003 uxor
939 1947 1043 2022 accipi-

151 2051 208 2116 tur,
230 2050 319 2118 atque
339 2044 466 2100 invicem
486 2044 549 2119 ipsa
569 2062 716 2100 armorum
736 2043 849 2119 aliquid
868 2044 933 2099 viro
949 2043 1041 2099 affert.

152 2137 221 2195 Hoc
238 2140 400 2195 maximum
420 2139 579 2211 mucidum,
600 2139 672 2196 haec
693 2158 797 2196 arcana
809 2158 897 2210 sacra,
912 2139 965 2196 hos
979 2157 1044 2195 con·

154 2237 263 2311 iugales
286 2237 354 2292 deos
375 2237 565 2294 arbitrantur.
608 2237 640 2293 N
641 2257 657 2294 e
677 2256 707 2294 se
728 2237 834 2294 mulier
853 2245 938 2294 extra
951 2237 1044 2293 virtu-

153 2341 217 2390 tum
231 2334 421 2410 cogitationes
439 2341 580 2411 extraque
600 2335 744 2392 bellorum
764 2353 847 2392 casus
866 2341 958 2410 putet,
975 2335 1045 2410 ipsis

153 2429 322 2504 incipientis
344 2432 526 2488 matrimonii
545 2433 680 2508 auspiciis
700 2433 874 2491 admonetur
894 2435 994 2490 venire
1015 2453 1045 2491 se
1086 2421 1087 2425 Ἰ

154 2527 288 2582 laborum
309 2529 562 2604 periculorumque
585 2530 699 2603 sociam,
722 2533 801 2588 idem
821 2533 854 2588 in
873 2551 951 2608 pace,
967 2532 1046 2588 idem

154 2622 187 2676 in
200 2621 309 2696 proelio
329 2641 478 2697 passuram
499 2643 700 2700 ausuramque.
744 2625 812 2684 Hoc
833 2627 928 2683 iuncti
949 2627 1044 2697 boves,

155 2716 210 2773 hoc
231 2723 350 2791 paratus
371 2737 470 2794 equus,
496 2720 551 2776 hoc
575 2721 643 2778 data
667 2742 748 2779 arma
775 2723 953 2780 denuntiant
963 2742 972 2796 ;
1005 2723 1047 2780 sic

154 2811 322 2883 vivendum,
346 2814 386 2870 sic
410 2815 613 2890 pereundum,
642 2819 772 2893 accipere
792 2839 830 2891 se,
852 2838 926 2894 quae
947 2819 1047 2876 liberis

154 2907 297 2964 inviolata
310 2927 343 2965 ae
358 2910 447 2984 digna
461 2911 569 2982 reddat,
583 2932 658 2988 quae
671 2933 763 2971 nurus
776 2916 921 2991 accipiant
934 2935 1047 2972 rursus-

156 3024 213 3080 que
226 3005 264 3062 ad
278 3012 399 3080 nepotes
412 3007 584 3068 referantur.
597 3051 600 3060 ,

214 3101 305 3159 XIX.
357 3101 436 3178 Ergo
460 3109 542 3179 septa
564 3105 708 3180 pudicitia
728 3114 829 3181 agunt,
855 3109 945 3164 nullis
969 3127 1047 3182 spec-

156 3199 319 3257 taculorum
333 3199 485 3268 illecebris,
506 3201 596 3258 nullis
616 3204 817 3260 conviviorum
832 3203 1048 3259 irritationibus

156 3303 318 3372 corruptae.
359 3293 540 3353 Litterarum
560 3303 669 3354 secreta
684 3297 741 3354 viri
754 3299 864 3372 pariter
877 3317 910 3354 ac
923 3298 1049 3354 feminae

156 3395 302 3470 ignorant.
344 3395 524 3454 Paucissima
545 3396 577 3452 in
598 3401 660 3453 tam
682 3415 837 3453 numerosa
858 3402 945 3472 gente
967 3396 1048 3453 adul·

157 3493 238 3562 teria,
268 3511 386 3567 quorem
415 3511 508 3568 poena
532 3510 675 3568 praesens,
704 3497 734 3549 et
758 3492 871 3548 maritis
900 3493 1046 3568 permissa.
