2446 3784
184 245 218 300 14
442 241 646 302 CORNELII
670 240 812 303 from

179 374 350 444 deliberant,
376 371 447 429 dum
473 373 583 448 fingere
609 372 753 443 nesciunt,
780 372 974 445 constituunt,
1000 371 1076 429 dum

180 489 276 528 errare
289 489 350 526 non
363 475 492 545 possunt.
1110 463 1112 468 ’

239 565 369 628 ΧΧΙΙΙ.
411 565 503 622 Potui
524 564 631 621 humor
654 584 692 620 ex
715 563 823 621 hordeo
844 572 897 621 aut
915 566 1070 636 frumento,

180 662 213 718 in
235 662 393 737 quamdam
414 660 638 718 similitudinem
658 661 722 717 vini
744 666 898 736 corruptus
908 681 917 733 3
944 663 1074 737 proximi

181 759 261 834 ripae
283 763 314 814 et
335 758 438 813 vinum
462 764 638 816 mercantur.
682 755 748 814 Oibi
770 757 923 833 simplices,
948 760 1075 833 agrestia

181 874 274 930 poma,
290 873 390 910 recens
403 853 472 924 fera,
488 859 541 910 aut
553 853 599 910 lac
613 860 787 912 concretum.
830 853 901 912 Sine
920 863 1073 931 apparatu,

182 952 245 1006 sine
266 950 474 1007 blandimentis
494 950 648 1025 expellunt
666 949 780 1010 famem.
822 951 976 1008 Adversus
992 953 1075 1009 sitim

121 1047 128 1064 '
182 1067 241 1104 nou
261 1048 362 1104 eadem
382 1045 584 1122 temperantia
627 1045 660 1103 Si
679 1047 836 1106 indulseris
856 1049 993 1106 ebrietati
1008 1067 1074 1124 eug-

182 1146 308 1221 gerendo
335 1150 480 1221 quantum
506 1144 723 1220 concupiscunt,
751 1145 831 1202 haud
860 1147 958 1203 minus
990 1147 1075 1204 facile

183 1242 265 1298 vitiis
279 1260 366 1316 quam
380 1240 469 1296 armis
484 1240 648 1296 vincentur.

242 1335 372 1394 XXIV.
422 1333 522 1392 Genus
549 1337 782 1410 spectaculorum
807 1357 901 1394 unum
927 1345 1016 1414 atque
1042 1339 1076 1395 in

184 1434 264 1491 omni
277 1439 363 1489 coetu
376 1431 462 1490 idem.
504 1430 588 1488 Nudi
608 1432 736 1503 iuvenes,
758 1433 864 1507 quibus
882 1433 913 1489 id
928 1434 1075 1490 ludicrum

183 1540 236 1604 est,
259 1531 338 1586 inter
358 1529 469 1604 gladios
490 1547 521 1584 se
542 1533 631 1602 atque
652 1527 774 1584 infestas
794 1527 917 1585 frameas
938 1528 1015 1585 saltu
1034 1528 1076 1585 ia·

184 1630 274 1687 ciunt.
316 1627 499 1685 Exercitatio
522 1635 616 1683 artem
640 1627 764 1700 paravit,
784 1645 831 1682 ars
852 1627 992 1696 decorem,
1015 1645 1076 1683 non

183 1732 215 1786 in
234 1734 386 1805 quaestum
405 1733 505 1782 tamen
522 1730 574 1781 aut
592 1724 774 1795 mercedem3
804 1723 938 1799 quamvis
959 1723 1076 1780 audacis

184 1825 321 1882 lasciviae
331 1823 458 1899 pretium
471 1826 515 1876 eet
525 1819 659 1894 voluptas
673 1819 876 1894 spectantium.

244 1919 359 1990 Aleam,
385 1917 464 1994 quod
489 1917 602 1987 mirere,
627 1916 715 1972 sobrii
738 1915 817 1972 inter
840 1916 915 1972 seria
938 1923 1077 1973 exercent

185 2025 269 2076 tanta
282 2016 415 2074 lucrandi
429 2014 606 2090 perdendive
619 2013 794 2082 temeritate,
810 2018 852 2082 ut,
868 2033 960 2087 quum
978 2013 1077 2069 omnia

185 2115 361 2182 defecerunt,
377 2116 507 2166 extremo
523 2127 557 2165 ac
574 2108 731 2164 novissimo
752 2109 831 2165 iactu
844 2109 881 2164 de
894 2108 1030 2165 libertate
1043 2127 1077 2164 ac

185 2209 221 2265 de
242 2225 360 2280 corpore
380 2203 566 2260 contendant
608 2201 717 2258 Victus
737 2202 935 2258 voluntariam
954 2204 1078 2259 servitu·

185 2311 246 2360 tem
265 2301 348 2372 adit3
374 2299 508 2374 quamvis
527 2298 669 2368 iuvenior,
689 2299 823 2372 quamvis
844 2297 993 2354 robustior
1014 2297 1078 2354 alli-

185 2399 249 2476 gari
269 2415 299 2454 se
319 2415 352 2452 ac
371 2395 472 2455 venire
492 2395 612 2469 patitur.
655 2394 700 2450 Ea
720 2400 764 2449 est
785 2393 861 2450 inre
874 2411 965 2468 prava
984 2393 1080 2468 pervi-

187 2495 264 2554 cacia
276 2515 285 2567 3
315 2493 372 2568 ipsi
394 2492 482 2548 fidem
503 2497 616 2548 vocant.
664 2489 769 2547 Servos
792 2489 968 2546 condicionis
990 2489 1079 2546 huius

187 2613 238 2669 per
252 2590 421 2648 commercia
435 2587 565 2660 tradunt,
579 2591 615 2644 ut
628 2604 659 2644 se
672 2605 788 2661 qnoque
808 2586 917 2661 pudore
938 2586 1079 2642 victoriae

188 2688 349 2746 exsolvant.

247 2781 353 2840 XXV.
400 2777 511 2836 (leteris
538 2779 630 2836 servis
656 2797 717 2835 non
746 2778 779 2836 in
806 2784 941 2835 nostrum
968 2797 1080 2835 morem

188 2877 340 2952 descriptis
367 2893 420 2951 per
445 2874 586 2930 familiam
613 2873 783 2932 ministeriis
810 2878 946 2930 utuntur.
989 2871 1080 2928 Suam

189 2974 312 3050 quisque
325 2970 431 3040 sedem,
446 2986 512 3025 suos
527 2973 647 3043 penates
660 2968 742 3041 regit
786 2966 943 3022 Frumenti
961 2966 1081 3023 modum

190 3068 325 3125 dominus
345 3070 398 3120 aut
417 3063 527 3140 pecom's
547 3067 600 3118 aut
612 3063 703 3118 vestis
722 3067 758 3118 ut
777 3061 877 3118 colono
897 3061 1034 3136 iniungit,
1049 3067 1081 3118 et

190 3179 291 3220 servus
311 3160 451 3216 hactenus
470 3164 555 3234 paret
564 3176 573 3228 3
597 3163 693 3214 cetera
713 3156 815 3214 domus
836 3157 929 3214 officia
948 3175 1025 3212 uxor
1048 3175 1082 3214 ac

191 3257 276 3316 liberi
289 3259 499 3332 exsequuntur.
541 3251 705 3310 Verberare
724 3269 841 3308 servum
859 3269 893 3306 ac
907 3249 1033 3306 vinculis
1051 3259 1083 3308 et

192 3374 276 3430 opere
295 3370 424 3410 coercere
444 3368 543 3406 rarum
553 3367 563 3422 3
584 3349 712 3405 occidere
730 3347 832 3417 solent,
851 3365 910 3404 nou
930 3347 1083 3425 disciplina

192 3460 223 3508 et
250 3451 412 3521 severitate,
440 3447 491 3507 scd
514 3448 626 3525 impetu
648 3451 678 3503 et
701 3446 752 3515 ira,
777 3450 812 3502 ut
835 3444 996 3518 inimicum,
1025 3447 1083 3504 nisi
