2432 3784
313 248 516 312 Achiuom
546 246 883 313 XXXV.—XXXIX.
1006 255 1043 318 27

154 401 228 452 rare,
257 374 366 457 capere,
388 388 477 459 atque
501 383 624 454 eosdem,
653 383 759 440 oblatis
785 384 859 452 aliis,
888 384 1042 442 trucidare.

155 481 221 537 Iam
244 479 380 551 hostium,
405 488 493 556 prout
514 481 620 556 cuique
643 480 793 556 ingenium
816 487 887 551 erat,
911 488 1044 538 catervae

153 583 333 634 armatorum
359 577 541 653 paucioribus
568 584 651 652 terga
677 583 830 652 praestare,
859 577 977 652 quidam
1000 577 1044 633 in·

154 694 247 732 ermes
268 676 347 732 ultro
370 694 455 732 ruere
477 695 511 732 uc
535 695 565 732 se
588 675 677 731 morti
697 676 815 747 offerre;
835 676 942 750 passim
962 695 1043 732 arma

154 777 184 828 et
204 789 324 846 corpora
344 777 374 828 et
393 771 480 827 laceri
503 780 585 828 artus
609 777 639 828 et
660 777 781 828 cruenta
803 772 917 843 humus,
939 778 970 828 et
991 773 1042 828 ali-

154 869 271 944 quando
295 868 384 925 etiam
408 869 494 925 vlotis
515 869 560 925 ira
579 870 738 945 virtusque.
781 869 941 946 Postquam
962 871 1043 928 silvis

154 966 468 1043 appropinquaverunt,
484 967 596 1024 collecti
612 968 721 1043 primos
737 969 928 1043 sequentium,
946 968 1044 1024 incau-

154 1073 199 1122 tos
221 1071 251 1122 et
272 1064 400 1122 locorum
423 1065 547 1140 ignaros,
576 1063 847 1122 circumveniebant.
901 1064 987 1133 Quod
1010 1066 1042 1121 ni

153 1161 288 1236 frequens
301 1161 410 1236 ubique
424 1160 561 1235 Agricola
576 1159 688 1216 validas
704 1166 734 1216 et
748 1159 898 1234 expeditas
911 1160 1042 1216 cohortes

153 1257 299 1332 indaginis
314 1257 407 1327 modo,
426 1263 464 1327 et,
483 1255 576 1312 sicubi
594 1255 703 1312 artiora
720 1260 811 1326 erant,
831 1261 943 1330 partem
964 1256 1043 1330 equi·

153 1359 218 1408 tum
234 1350 360 1408 dimissis
376 1351 466 1426 cquis,
485 1349 573 1407 simul
591 1349 714 1406 rariores
730 1349 817 1406 silvas
836 1350 964 1424 equitem
980 1369 1042 1424 per-

152 1448 261 1505 sultare
279 1448 414 1518 iussisset,
435 1453 584 1522 acceptum
599 1446 717 1522 aliquod
729 1446 838 1502 vulnus
850 1465 903 1521 per
920 1444 1041 1502 nimiam

152 1543 288 1600 fiduciam
305 1545 387 1600 foret.
431 1542 568 1600 Ceterum
589 1543 640 1599 ubi
664 1543 836 1618 compositos
855 1543 947 1600 firmis
967 1544 1042 1600 ordi·

152 1639 238 1696 nibus
255 1641 338 1716 sequi
356 1659 456 1696 rursus
476 1639 582 1710 videre,
607 1639 639 1694 in
659 1639 759 1711 fugam
779 1639 856 1695 versi
875 1658 935 1694 non
953 1641 1041 1714 agmi-

152 1735 245 1806 nibus,
263 1743 298 1792 ut
317 1735 406 1810 prius,
428 1753 482 1791 nec
499 1731 574 1790 alius
592 1735 682 1790 alium
702 1741 896 1810 respectantes
902 1752 911 1804 3
932 1735 990 1790 rari
1010 1742 1042 1792 et

154 1831 306 1888 vitabundi
319 1831 444 1888 invicem
457 1831 616 1906 longinqua
629 1838 718 1906 atque
731 1832 797 1886 avia
810 1831 928 1906 petiere.
959 1831 1042 1887 Finis

151 1927 291 2004 sequendi
301 1947 361 1984 nox
375 1933 405 1984 et
419 1929 536 1984 satietas
549 1928 613 1984 fuit.
647 1927 736 1984 Caesa
749 1927 878 1984 hostium
892 1927 927 1984 ad
942 1927 1041 1984 decem

151 2023 247 2095 milia3
270 2029 435 2078 nostrorum
455 2023 579 2080 trecenti
599 2023 751 2098 sexaginta
768 2024 901 2095 cecidere,
924 2024 956 2080 in
975 2024 1041 2100 quis

153 2117 249 2174 Aulus
269 2119 390 2174 Atticus
410 2119 563 2194 praefectus
584 2119 718 2192 cohortis,
743 2119 866 2176 iuvenili
887 2121 989 2178 ardore
1010 2126 1040 2178 ct

151 2213 257 2270 ferocia
269 2214 338 2290 equi
351 2213 483 2271 hostibus
495 2215 602 2273 illatus.

211 2307 402 2366 XXXVIII.
444 2308 486 2365 Et
512 2329 573 2366 nox
600 2309 717 2385 quidem
746 2310 852 2386 gaudio
877 2312 1040 2388 praedaque

151 2403 228 2460 laeta
240 2405 406 2462 victoribus
449 2405 586 2461 Britanni
599 2405 731 2481 palantes
744 2406 896 2482 mixtoque
910 2407 1040 2464 virorum

151 2501 363 2578 mulierumque
383 2501 500 2577 ploratu
521 2501 637 2558 trahere
664 2501 839 2574 vulneratos,
868 2521 971 2560 vocare
997 2501 1041 2558 in-

150 2605 254 2675 tegros,
276 2600 406 2656 deserere
427 2600 527 2656 domos
549 2617 582 2655 ac
601 2618 653 2674 per
673 2599 748 2654 iram
769 2598 847 2656 ultro
870 2599 1039 2671 incendere;

151 2697 256 2772 eligere
273 2697 399 2754 latebras
414 2701 445 2752 et
463 2695 562 2752 statim
582 2695 754 2770 relinquere,
775 2695 894 2751 miscere
913 2694 1040 2751 invicem

151 2791 270 2848 consilia
300 2791 406 2866 aliqua,
441 2790 545 2847 deinde
578 2808 717 2867 separare,
753 2788 911 2864 aliquando
945 2791 1040 2865 frangi

151 2893 269 2963 aspectu
286 2888 440 2963 pignorum
456 2906 583 2956 suorum,
605 2879 718 2962 saepius
738 2886 876 2942 concitari
882 2905 891 2957 ;
912 2888 1040 2963 satisque

151 2985 301 3042 constabat
326 2985 450 3041 saevisse
477 2985 617 3060 quosdam
643 2985 676 3040 in
703 2984 838 3058 coniuges
864 3003 898 3040 ac
924 2985 1037 3056 liberos,

153 3089 300 3158 tamquam
313 3081 526 3138 misererentur.
550 3081 707 3137 Proximus
716 3081 777 3138 dies
790 3081 890 3136 faciem
901 3081 1039 3138 victoriae

152 3179 239 3235 latins
251 3178 379 3254 aperuit,
399 3184 515 3234 vastum
529 3178 638 3253 ubique
652 3178 809 3249 silentium,
824 3177 926 3234 secreti
943 3178 1037 3249 colles,

151 3276 295 3332 fumantia
320 3274 421 3352 procul
447 3281 530 3345 tecta,
559 3293 645 3331 nemo
668 3274 900 3350 exploratoribus
927 3276 1036 3333 obvius.

153 3373 265 3442 Quibus
282 3372 314 3429 ln
330 3391 446 3429 ornnem
465 3380 578 3449 partem
599 3372 731 3443 dimissis,
753 3373 805 3429 ubi
824 3371 936 3428 incerta
955 3372 1039 3448 fugae

153 3472 274 3550 vestigia
292 3489 387 3548 neque
407 3491 531 3548 usquam
547 3470 713 3546 conglobari
733 3471 830 3529 hostes
850 3477 1038 3548 compertum,
