2446 3784
406 225 625 286 oranaim
652 227 768 286 XLVI.
994 225 1030 284 27

141 356 214 430 quid
230 355 309 413 inter
323 355 467 414 Peucinos
481 355 656 433 Fennosque
674 357 815 414 silvarum
835 373 868 412 ac
887 353 1032 410 montium

142 453 273 528 erigitur,
297 453 458 510 latrociniis
481 459 639 529 pererrant
682 454 728 510 Hi
742 461 847 510 tamen
864 453 943 508 inter
954 441 1032 506 ¹Ger-

142 567 243 604 manos
253 549 351 623 potius
364 549 538 622 referuntur,
554 549 624 625 qnia
637 555 668 606 ot
681 550 779 606 domos
793 549 895 624 figunt,
907 551 937 604 et
951 553 1033 603 scuta

143 651 266 720 gestant,
290 651 321 702 et
343 647 451 722 pedum
473 665 528 704 usu
549 665 582 702 ac
605 646 780 722 pernicitate
802 646 939 722 gaudent,
958 663 1033 720 quae

144 743 243 798 omnia
269 743 384 800 diversa
410 743 553 808 Sarmatis
580 749 649 800 sunt
679 743 711 800 in
740 743 871 820 plaustro
901 761 1033 817 equoque

147 840 319 897 viventibus.
363 839 472 898 Fennis
503 841 578 897 mira
609 841 717 912 feritas,
749 838 833 896 foeda
863 843 1017 914 paupertas
1024 858 1032 909 3

145 952 205 990 non
218 953 308 1007 arma,
323 955 383 991 non
397 937 472 1012 equi,
487 955 547 993 non
560 943 681 1012 penates
687 955 696 1008 3
718 935 811 992 victui
829 935 927 1004 herba,
947 934 1034 990 vesti-

146 1032 193 1088 tui
213 1032 311 1108 pelles,
333 1033 429 1090 cubile
450 1033 557 1091 humus
563 1054 572 1106 3
595 1033 673 1090 solae
689 1033 722 1088 in
738 1033 853 1108 sagittis
870 1052 941 1108 spec,
961 1051 1034 1108 quas

147 1129 245 1202 inopia
258 1127 328 1184 ferri
345 1128 455 1184 ossibus
472 1135 614 1204 asperent.
658 1129 799 1205 Idemque
815 1135 938 1186 venatus
956 1131 1034 1185 viros

148 1223 256 1300 pariter
282 1243 315 1280 ac
342 1223 466 1281 feminas
493 1224 562 1295 alit;
596 1225 701 1300 passim
735 1225 814 1281 enim
847 1226 1033 1293 comitantur,

149 1328 319 1396 partemque
352 1320 475 1396 praedae
505 1325 618 1396 petunt
665 1319 730 1376 Neo
763 1320 844 1376 aliud
873 1319 1035 1376 infantibus

148 1418 276 1472 serarum
299 1416 495 1491 imbriumque
518 1415 685 1490 suffugium,
710 1434 798 1491 quam
821 1416 911 1472 utin
937 1415 1036 1490 aliquo

148 1531 296 1568 ramorum
318 1530 399 1567 nexu
421 1515 621 1585 contegantur.
664 1511 733 1567 Huc
756 1513 881 1568 redeunt
903 1513 1033 1580 iuvenes,

149 1607 203 1664 hoc
230 1625 333 1664 sonum
359 1607 582 1682 receptaculum.
626 1606 682 1664 Sed
712 1609 825 1664 beatius
855 1607 1038 1664 arbitrantur

111 1688 113 1692 ¹
149 1722 238 1778 quam
251 1703 399 1776 ingemere
412 1701 497 1777 egris,
512 1701 666 1758 illaborare
680 1702 821 1770 domibus,
836 1721 901 1758 suas
917 1703 1036 1758 alienas·

146 1780 207 1874 'que
230 1799 362 1854 fortunas
385 1817 435 1874 spe
457 1803 595 1874 metuque
617 1817 737 1856 versare.
782 1797 882 1854 Securi
900 1798 1037 1855 adversus

150 1899 289 1968 homines,
315 1898 409 1954 securi
430 1896 567 1953 adversus
591 1895 659 1952 deos
682 1914 745 1951 rem
772 1895 971 1951 difficillimam
995 1914 1038 1950 as

150 1996 243 2052 secuti
256 1999 334 2066 sunt,
350 1999 385 2050 ut
398 1993 458 2049 illis
471 2011 508 2049 ne
522 2003 591 2048 voto
602 1991 720 2067 quidem
734 2010 807 2066 opus
821 1997 901 2048 esset.
935 1989 1039 2048 Cetera

151 2092 210 2147 iam
242 2089 379 2160 fabulosa,
413 2089 564 2146 Hellusios
594 2096 624 2146 et
653 2087 784 2145 Oxionas
810 2107 860 2145 ora
887 2088 1038 2145 hominum

152 2187 319 2262 uultusque,
334 2205 453 2262 corpora
469 2191 559 2262 atque
574 2193 656 2242 artus
672 2186 800 2242 ferarum
816 2205 921 2262 gerere.
954 2185 1038 2254 Quod

153 2299 205 2356 ego
219 2287 253 2338 ut
266 2281 479 2357 incompertum
494 2283 526 2340 in
539 2283 669 2340 medium
683 2281 854 2360 relinquam.
