2446 3784
306 256 528 318 GERMANIA
547 251 888 314 'XXXVIII-eXLV.
1005 251 1043 307 23
1090 273 1093 279 ·

156 392 265 463 colunt,
294 409 415 466 eamque
441 387 618 446 intervenire
645 385 732 443 rebus
758 383 919 453 hominum,
944 382 1045 440 invehi

156 487 270 564 populis
296 487 485 543 arbitrantur.
528 483 583 541 Est
611 483 644 538 in
674 481 770 537 insula
796 479 904 536 Oceani
933 484 1045 536 castum

156 601 266 652 nemus,
282 582 466 656 dicatumque
482 581 514 636 in
533 599 567 636 ao
583 575 759 643 vehiculum,
773 581 855 631 veste
870 580 1042 632 contectum.

157 680 316 752 Attingere
328 677 381 733 uni
395 675 536 733 sacerdoti
549 691 720 730 concessum
750 670 782 727 Is
795 671 893 728 adesse
902 671 1045 747 penetrali

157 777 241 832 deam
252 773 408 847 intelligit,
428 771 598 848 vectamque
619 770 713 828 bubus
733 768 849 824 feminis
860 767 961 824 ,multa
978 786 1045 824 oum

157 873 341 929 veneratione
358 869 549 946 prosequitur.
593 866 679 923 Iaati
698 871 770 922 tuno
790 864 859 936 dics,
880 865 954 922 festa
973 864 1044 935 loca,

157 985 345 1043 quaecunque
358 965 487 1022 adventu
500 963 684 1038 hospitioque
694 960 842 1035 dignatur.
885 960 956 1017 Non
969 961 1045 1018 bella

157 1065 269 1133 ineunt,
281 1082 341 1119 nou
354 1081 435 1118 arma
448 1065 569 1118 sumunt
575 1078 584 1130 ;
598 1059 728 1115 olarrsum
742 1077 826 1114 omne
840 1058 951 1114 fenum
957 1077 965 1130 ;
986 1077 1043 1133 pax

100 1218 103 1224 ,
157 1167 188 1217 et
203 1161 285 1236 quies
298 1165 370 1216 tuno
386 1164 504 1215 tautum
517 1163 595 1228 nota,
610 1164 681 1214 tunc
699 1162 816 1213 tantum
833 1162 940 1226 amata,
954 1157 1045 1214 donec

157 1255 235 1312 idem
248 1255 378 1312 sacerdos
394 1253 529 1310 satiatam
545 1253 762 1310 conversatione
778 1253 946 1310 mortalium
961 1253 1045 1310 deam

157 1349 266 1426 templo
279 1350 389 1408 reddat
418 1348 493 1405 Mox
506 1348 671 1405 vehiculum
686 1354 717 1406 et
730 1355 825 1406 vestes
839 1355 883 1419 et,
891 1349 917 1406 ai
930 1350 1045 1406 credere

157 1447 238 1517 velis,
271 1463 381 1503 numen
416 1447 513 1521 ipsum
541 1451 650 1502 secreto
682 1445 748 1502 lacu
781 1445 918 1502 abluitur.
962 1445 1045 1503 Servi

157 1544 334 1613 ministrant,
354 1562 425 1619 quos
445 1543 546 1600 atatim
563 1543 640 1599 idem
661 1541 740 1598 lacus
760 1541 865 1600 haurit.
908 1542 1045 1600 Aroanua

157 1638 226 1694 hinc
245 1644 338 1696 terror
355 1644 510 1714 sanamque
526 1638 698 1714 ignorantia,
716 1637 787 1713 quid
805 1638 845 1694 sit
862 1638 945 1709 iilud,
967 1639 1045 1714 quod

158 1741 274 1792 tantum
287 1733 412 1809 perituri
424 1733 533 1790 vident.

217 1829 302 1888 XLI.
345 1830 386 1887 Et
406 1830 477 1888 hacc
495 1829 612 1906 quidem
631 1848 698 1906 pars
719 1829 882 1887 Suanorum
903 1831 934 1888 in
957 1851 1045 1888 secre-

156 1926 233 1984 tiora
257 1926 431 1984 Germaniae
453 1925 618 2002 pon-igitur.
661 1924 792 2001 Propior,
821 1925 876 2001 (ut,
901 1927 1045 2002 quomodo

157 2023 244 2098 paulo
270 2032 340 2080 ante
367 2021 513 2092 Rhenum,
542 2021 583 2077 sic
608 2039 687 2076 nuno
716 2019 884 2077 Danubium
918 2022 1043 2097 sequen)

159 2118 436 2176 Harmrmdurorum
459 2117 570 2188 civitas,
596 2115 655 2172 fida
676 2115 817 2173 Romanis
823 2135 832 2189 ;
859 2136 950 2193 eoque
977 2118 1045 2174 solis

158 2215 369 2272 Germanorum
395 2233 455 2270 non
481 2213 513 2269 in
535 2211 600 2288 ripa
615 2205 831 2283 commercium,
857 2214 907 2270 sed
928 2213 1044 2288 penitus

158 2321 246 2387 atque
266 2312 300 2368 in
323 2309 554 2387 splendidissima
582 2307 705 2365 Raetiae
731 2308 897 2384 provinciae
923 2309 1042 2368 colonia.

159 2405 271 2463 Passim
297 2412 327 2463 at
350 2405 412 2463 sine
439 2404 556 2462 custode
582 2408 743 2474 transeunt,
768 2412 798 2460 et
828 2423 919 2480 quum
943 2405 1045 2462 ceteris

157 2504 292 2578 gentibus
307 2522 388 2559 arma
406 2501 492 2558 modo
509 2505 660 2576 castraque
675 2508 776 2556 nostra
790 2501 983 2573 ostendamus,
999 2500 1045 2556 his

159 2599 257 2656 domos
287 2599 429 2674 villasque
459 2597 649 2673 patefacimus
678 2615 738 2654 non
767 2599 1043 2674 concupiscentibus.

158 2694 198 2752 Iu
224 2695 443 2752 Hermunduris
469 2693 557 2750 Albis
583 2693 686 2765 oritur,
713 2693 822 2750 flumen
849 2695 985 2752 inolitum
1014 2703 1045 2750 et

158 2796 262 2846 notum
275 2789 345 2846 olim
352 2809 361 2862 3
382 2809 461 2847 nunc
474 2796 592 2848 tantum
605 2791 733 2850 auditur.

217 2885 320 2944 XLII.
362 2885 454 2942 quta
480 2886 707 2944 Hermunduros
734 2887 849 2944 Naristi
878 2906 912 2944 ac
940 2888 1045 2946 deiude

159 2981 339 3039 Marcomani
370 2987 400 3039 et
427 2981 524 3050 Quadi
553 2989 652 3058 agunt.
694 2982 855 3059 Praecipua
872 2983 1045 3041 Marcoma-

158 3099 263 3137 norum
283 3079 376 3155 gloria
393 3079 535 3154 viresque,
554 3085 642 3155 atque
659 3080 723 3155 ipsa
740 3081 830 3137 etiam
848 3081 936 3150 sedes,
946 3080 1045 3155 ,pulsis

158 3177 227 3234 olim
247 3176 335 3248 Boiis,
353 3177 466 3234 virtuto
486 3182 577 3252 parta
619 3176 683 3234 Nec
708 3176 823 3233 Naristi
846 3175 979 3244 Quadive
999 3176 1045 3233 de·

157 3279 304 3348 generant
344 3272 445 3349 anue
459 3271 631 3330 Germaniae
644 3272 727 3329 velut
740 3273 820 3329 frons
833 3278 885 3342 ast,
901 3278 1045 3348 quatenus

158 3369 296 3428 Danubio
309 3369 467 3446 peragitur.
508 3367 702 3426 Marcomanis
717 3368 884 3444 Quadisque
901 3387 992 3443 usquo
1007 3369 1045 3425 ad

158 3472 286 3524 nostram
300 3465 469 3524 memoriam
482 3481 564 3542 reges
576 3471 748 3522 manserunt
760 3484 798 3522 ex
806 3469 892 3541 gente
905 3465 1042 3541 ipsorum,
