<?xml version="1.0" encoding="UTF-8"?>
<!DOCTYPE html PUBLIC "-//W3C//DTD XHTML 1.0 Transitional//EN"
    "http://www.w3.org/TR/xhtml1/DTD/xhtml1-transitional.dtd">
<html xmlns="http://www.w3.org/1999/xhtml" xml:lang="en" lang="en">
 <head>
  <title>
</title>
<meta http-equiv="Content-Type" content="text/html;charset=utf-8" />
  <meta name='ocr-system' content='tesseract 3.04.00' />
  <meta name='ocr-capabilities' content='ocr_page ocr_carea ocr_par ocr_line ocrx_word'/>
</head>
<body>
  <div class='ocr_page' id='page_1' title='image "./agricolaandgerm03tacigoog_0057.png"; bbox 0 0 2432 3784; ppageno 0'>
   <div class='ocr_carea' id='block_1_1' title="bbox 156 255 876 316">
    <p class='ocr_par' dir='ltr' id='par_1_1' title="bbox 156 255 876 316">
     <span class='ocr_line' id='line_1_1' title="bbox 156 255 876 316; baseline 0 -2"><span class='ocrx_word' id='word_1_1' title='bbox 156 255 193 314; x_wconf 80' lang='grc'><strong>26</strong></span> <span class='ocrx_word' id='word_1_2' title='bbox 419 255 623 316; x_wconf 79' lang='lat' dir='ltr'><em>CORNELII</em></span> <span class='ocrx_word' id='word_1_3' title='bbox 648 256 787 316; x_wconf 73' lang='lat' dir='ltr'><strong>raom</strong></span> <span class='ocrx_word' id='word_1_4' title='bbox 874 257 876 264; x_wconf 78' lang='grc'>’</span> 
     </span>
    </p>
   </div>
   <div class='ocr_carea' id='block_1_2' title="bbox 154 383 1051 2194">
    <p class='ocr_par' dir='ltr' id='par_1_2' title="bbox 154 383 1051 2194">
     <span class='ocr_line' id='line_1_2' title="bbox 154 383 1051 459; baseline 0.003 -19"><span class='ocrx_word' id='word_1_5' title='bbox 154 383 259 459; x_wconf 79' lang='lat' dir='ltr'><strong>gladiis</strong></span> <span class='ocrx_word' id='word_1_6' title='bbox 272 389 302 441; x_wconf 99' lang='grc' dir='ltr'><strong>εὴ</strong></span> <span class='ocrx_word' id='word_1_7' title='bbox 314 385 450 441; x_wconf 86' lang='lat' dir='ltr'><strong>brevibus</strong></span> <span class='ocrx_word' id='word_1_8' title='bbox 464 385 550 442; x_wconf 86' lang='lat' dir='ltr'><strong>cetris</strong></span> <span class='ocrx_word' id='word_1_9' title='bbox 567 385 688 443; x_wconf 79' lang='lat' dir='ltr'><strong>missilia</strong></span> <span class='ocrx_word' id='word_1_10' title='bbox 703 393 869 444; x_wconf 89' lang='lat' dir='ltr'><strong>nostrorum</strong></span> <span class='ocrx_word' id='word_1_11' title='bbox 885 385 981 442; x_wconf 79' lang='lat' dir='ltr'><strong>vitare</strong></span> <span class='ocrx_word' id='word_1_12' title='bbox 998 385 1051 444; x_wconf 82' lang='lat' dir='ltr'><strong>vel·</strong></span> 
     </span>
     <span class='ocr_line' id='line_1_3' title="bbox 156 482 1041 559; baseline 0.007 -23"><span class='ocrx_word' id='word_1_13' title='bbox 156 487 299 551; x_wconf 75' lang='lat' dir='ltr'>excutere,</span> <span class='ocrx_word' id='word_1_14' title='bbox 324 487 413 556; x_wconf 85' lang='lat' dir='ltr'><strong>atque</strong></span> <span class='ocrx_word' id='word_1_15' title='bbox 444 482 499 556; x_wconf 88' lang='lat' dir='ltr'><strong>ipsi</strong></span> <span class='ocrx_word' id='word_1_16' title='bbox 529 502 665 558; x_wconf 86' lang='lat' dir='ltr'><strong>magnam</strong></span> <span class='ocrx_word' id='word_1_17' title='bbox 694 485 756 540; x_wconf 89' lang='lat' dir='ltr'><strong>vim</strong></span> <span class='ocrx_word' id='word_1_18' title='bbox 790 483 915 541; x_wconf 91' lang='lat' dir='ltr'><strong>telorum</strong></span> <span class='ocrx_word' id='word_1_19' title='bbox 947 505 1041 559; x_wconf 88' lang='lat' dir='ltr'><strong>super·</strong></span> 
     </span>
     <span class='ocr_line' id='line_1_4' title="bbox 155 577 1046 652; baseline 0.006 -20"><span class='ocrx_word' id='word_1_20' title='bbox 155 577 284 648; x_wconf 84' lang='lat' dir='ltr'><strong>fundere,</strong></span> <span class='ocrx_word' id='word_1_21' title='bbox 305 577 395 634; x_wconf 91' lang='lat' dir='ltr'><strong>donec</strong></span> <span class='ocrx_word' id='word_1_22' title='bbox 411 577 551 652; x_wconf 80' lang='lat' dir='ltr'><strong>Agricola</strong></span> <span class='ocrx_word' id='word_1_23' title='bbox 567 579 747 636; x_wconf 86' lang='lat' dir='ltr'><strong>Batavorum</strong></span> <span class='ocrx_word' id='word_1_24' title='bbox 764 581 898 637; x_wconf 79' lang='lat' dir='ltr'><strong>cohortes</strong></span> <span class='ocrx_word' id='word_1_25' title='bbox 914 599 947 637; x_wconf 89' lang='lat' dir='ltr'><strong>ac</strong></span> <span class='ocrx_word' id='word_1_26' title='bbox 968 581 1046 637; x_wconf 85' lang='lat' dir='ltr'><strong>Tun-</strong></span> 
     </span>
     <span class='ocr_line' id='line_1_5' title="bbox 157 673 1045 752; baseline 0.009 -26"><span class='ocrx_word' id='word_1_27' title='bbox 157 691 274 746; x_wconf 81' lang='lat' dir='ltr'><strong>grorum</strong></span> <span class='ocrx_word' id='word_1_28' title='bbox 294 673 365 730; x_wconf 84' lang='lat' dir='ltr'><strong>duas</strong></span> <span class='ocrx_word' id='word_1_29' title='bbox 386 673 553 730; x_wconf 74' lang='lat' dir='ltr'><strong>cohortatus</strong></span> <span class='ocrx_word' id='word_1_30' title='bbox 573 682 626 746; x_wconf 88' lang='lat' dir='ltr'><strong>est,</strong></span> <span class='ocrx_word' id='word_1_31' title='bbox 647 682 764 733; x_wconf 87' lang='lat' dir='ltr'><strong>utrem</strong></span> <span class='ocrx_word' id='word_1_32' title='bbox 784 677 825 752; x_wconf 86' lang='lat' dir='ltr'><strong>ad</strong></span> <span class='ocrx_word' id='word_1_33' title='bbox 842 695 994 734; x_wconf 88' lang='lat' dir='ltr'><strong>mucrones</strong></span> <span class='ocrx_word' id='word_1_34' title='bbox 1011 697 1045 734; x_wconf 84' lang='lat' dir='ltr'><strong>ac</strong></span> 
     </span>
     <span class='ocr_line' id='line_1_6' title="bbox 156 771 1045 849; baseline 0.006 -24"><span class='ocrx_word' id='word_1_35' title='bbox 156 787 260 826; x_wconf 85' lang='lat' dir='ltr'><strong>manus</strong></span> <span class='ocrx_word' id='word_1_36' title='bbox 286 771 477 843; x_wconf 81' lang='lat' dir='ltr'><strong>adducerent3</strong></span> <span class='ocrx_word' id='word_1_37' title='bbox 500 773 578 847; x_wconf 88' lang='lat' dir='ltr'><strong>quod</strong></span> <span class='ocrx_word' id='word_1_38' title='bbox 606 779 636 830; x_wconf 93' lang='lat' dir='ltr'><strong>et</strong></span> <span class='ocrx_word' id='word_1_39' title='bbox 659 774 730 849; x_wconf 89' lang='lat' dir='ltr'><strong>ipsis</strong></span> <span class='ocrx_word' id='word_1_40' title='bbox 753 781 902 831; x_wconf 84' lang='lat' dir='ltr'><strong>vetustate</strong></span> <span class='ocrx_word' id='word_1_41' title='bbox 922 773 1045 830; x_wconf 87' lang='lat' dir='ltr'><strong>militiae</strong></span> 
     </span>
     <span class='ocr_line' id='line_1_7' title="bbox 156 867 1046 945; baseline 0.002 -23"><span class='ocrx_word' id='word_1_42' title='bbox 156 867 350 923; x_wconf 85' lang='lat' dir='ltr'><strong>exercitatum</strong></span> <span class='ocrx_word' id='word_1_43' title='bbox 363 875 393 924; x_wconf 89' lang='lat' dir='ltr'><strong>et</strong></span> <span class='ocrx_word' id='word_1_44' title='bbox 405 867 539 925; x_wconf 81' lang='lat' dir='ltr'><strong>hostibus</strong></span> <span class='ocrx_word' id='word_1_45' title='bbox 555 869 692 940; x_wconf 84' lang='lat' dir='ltr'><strong>inhabile,</strong></span> <span class='ocrx_word' id='word_1_46' title='bbox 710 889 800 945; x_wconf 81' lang='lat' dir='ltr'><strong>porra</strong></span> <span class='ocrx_word' id='word_1_47' title='bbox 816 875 898 926; x_wconf 87' lang='lat' dir='ltr'><strong>scuta</strong></span> <span class='ocrx_word' id='word_1_48' title='bbox 913 876 944 926; x_wconf 92' lang='lat' dir='ltr'><strong>et</strong></span> <span class='ocrx_word' id='word_1_49' title='bbox 964 889 1046 926; x_wconf 87' lang='lat' dir='ltr'><strong>enor-</strong></span> 
     </span>
     <span class='ocr_line' id='line_1_8' title="bbox 157 961 1044 1038; baseline 0.006 -23"><span class='ocrx_word' id='word_1_50' title='bbox 157 979 217 1016; x_wconf 89' lang='lat' dir='ltr'><strong>mes</strong></span> <span class='ocrx_word' id='word_1_51' title='bbox 243 961 352 1035; x_wconf 80' lang='lat' dir='ltr'><strong>gladios</strong></span> <span class='ocrx_word' id='word_1_52' title='bbox 383 962 557 1036; x_wconf 87' lang='lat' dir='ltr'><strong>gerentibus.</strong></span> <span class='ocrx_word' id='word_1_53' title='bbox 600 963 680 1020; x_wconf 89' lang='lat' dir='ltr'><strong>Nam</strong></span> <span class='ocrx_word' id='word_1_54' title='bbox 713 963 923 1020; x_wconf 85' lang='lat' dir='ltr'><strong>Britannorum</strong></span> <span class='ocrx_word' id='word_1_55' title='bbox 954 964 1044 1038; x_wconf 85' lang='lat' dir='ltr'><strong>gladii</strong></span> 
     </span>
     <span class='ocr_line' id='line_1_9' title="bbox 157 1058 1044 1136; baseline 0.006 -24"><span class='ocrx_word' id='word_1_56' title='bbox 157 1058 219 1113; x_wconf 91' lang='lat' dir='ltr'><strong>sine</strong></span> <span class='ocrx_word' id='word_1_57' title='bbox 233 1075 368 1114; x_wconf 91' lang='lat' dir='ltr'><strong>mucrone</strong></span> <span class='ocrx_word' id='word_1_58' title='bbox 378 1058 561 1134; x_wconf 87' lang='lat' dir='ltr'><strong>complexum</strong></span> <span class='ocrx_word' id='word_1_59' title='bbox 572 1079 719 1116; x_wconf 89' lang='lat' dir='ltr'><strong>armorum</strong></span> <span class='ocrx_word' id='word_1_60' title='bbox 729 1061 797 1116; x_wconf 85' lang='lat' dir='ltr'><strong>etin</strong></span> <span class='ocrx_word' id='word_1_61' title='bbox 807 1066 907 1136; x_wconf 84' lang='lat' dir='ltr'><strong>aperto</strong></span> <span class='ocrx_word' id='word_1_62' title='bbox 916 1079 1044 1136; x_wconf 89' lang='lat' dir='ltr'><strong>pugnam</strong></span> 
     </span>
     <span class='ocr_line' id='line_1_10' title="bbox 156 1155 1044 1232; baseline 0.003 -21"><span class='ocrx_word' id='word_1_63' title='bbox 156 1174 216 1211; x_wconf 90' lang='lat' dir='ltr'><strong>non</strong></span> <span class='ocrx_word' id='word_1_64' title='bbox 230 1155 399 1214; x_wconf 81' lang='lat' dir='ltr'><strong>tolerabant</strong></span> <span class='ocrx_word' id='word_1_65' title='bbox 441 1157 540 1232; x_wconf 84' lang='lat' dir='ltr'><strong>Igitur</strong></span> <span class='ocrx_word' id='word_1_66' title='bbox 552 1162 587 1214; x_wconf 86' lang='lat' dir='ltr'><strong>ut</strong></span> <span class='ocrx_word' id='word_1_67' title='bbox 601 1157 707 1216; x_wconf 78' lang='lat' dir='ltr'><strong>Batavi</strong></span> <span class='ocrx_word' id='word_1_68' title='bbox 721 1159 841 1214; x_wconf 87' lang='lat' dir='ltr'><strong>miscere</strong></span> <span class='ocrx_word' id='word_1_69' title='bbox 857 1159 940 1228; x_wconf 86' lang='lat' dir='ltr'><strong>ictus,</strong></span> <span class='ocrx_word' id='word_1_70' title='bbox 958 1159 1044 1214; x_wconf 84' lang='lat' dir='ltr'><strong>scrire</strong></span> 
     </span>
     <span class='ocr_line' id='line_1_11' title="bbox 158 1252 1044 1329; baseline 0.005 -23"><span class='ocrx_word' id='word_1_71' title='bbox 158 1252 339 1322; x_wconf 73' lang='lat' dir='ltr'><strong>umbonibus</strong></span> <span class='ocrx_word' id='word_1_72' title='bbox 354 1271 404 1308; x_wconf 88' lang='lat' dir='ltr'><strong>ora</strong></span> <span class='ocrx_word' id='word_1_73' title='bbox 417 1252 538 1323; x_wconf 82' lang='lat' dir='ltr'><strong>foedare,</strong></span> <span class='ocrx_word' id='word_1_74' title='bbox 554 1259 585 1308; x_wconf 88' lang='lat' dir='ltr'><strong>et</strong></span> <span class='ocrx_word' id='word_1_75' title='bbox 598 1253 705 1324; x_wconf 88' lang='lat' dir='ltr'><strong>stratis,</strong></span> <span class='ocrx_word' id='word_1_76' title='bbox 723 1252 774 1329; x_wconf 92' lang='lat' dir='ltr'><strong>qui</strong></span> <span class='ocrx_word' id='word_1_77' title='bbox 790 1253 822 1308; x_wconf 92' lang='lat' dir='ltr'><strong>in</strong></span> <span class='ocrx_word' id='word_1_78' title='bbox 838 1272 930 1328; x_wconf 89' lang='lat' dir='ltr'><strong>aequo</strong></span> <span class='ocrx_word' id='word_1_79' title='bbox 946 1254 1044 1310; x_wconf 87' lang='lat' dir='ltr'><strong>astite-</strong></span> 
     </span>
     <span class='ocr_line' id='line_1_12' title="bbox 156 1346 1044 1424; baseline 0.003 -22"><span class='ocrx_word' id='word_1_80' title='bbox 156 1351 231 1416; x_wconf 90' lang='lat' dir='ltr'><strong>rant,</strong></span> <span class='ocrx_word' id='word_1_81' title='bbox 251 1346 359 1420; x_wconf 88' lang='lat' dir='ltr'><strong>erigere</strong></span> <span class='ocrx_word' id='word_1_82' title='bbox 377 1347 409 1402; x_wconf 91' lang='lat' dir='ltr'><strong>in</strong></span> <span class='ocrx_word' id='word_1_83' title='bbox 429 1347 516 1404; x_wconf 89' lang='lat' dir='ltr'><strong>colles</strong></span> <span class='ocrx_word' id='word_1_84' title='bbox 535 1347 626 1404; x_wconf 84' lang='lat' dir='ltr'><strong>aciem</strong></span> <span class='ocrx_word' id='word_1_85' title='bbox 644 1367 769 1424; x_wconf 88' lang='lat' dir='ltr'><strong>coepere,</strong></span> <span class='ocrx_word' id='word_1_86' title='bbox 787 1354 898 1405; x_wconf 88' lang='lat' dir='ltr'><strong>ceterae</strong></span> <span class='ocrx_word' id='word_1_87' title='bbox 914 1348 1044 1406; x_wconf 87' lang='lat' dir='ltr'><strong>cohortes</strong></span> 
     </span>
     <span class='ocr_line' id='line_1_13' title="bbox 156 1441 1045 1520; baseline 0.006 -24"><span class='ocrx_word' id='word_1_88' title='bbox 156 1441 349 1497; x_wconf 85' lang='lat' dir='ltr'><strong>aemulatione</strong></span> <span class='ocrx_word' id='word_1_89' title='bbox 362 1447 393 1498; x_wconf 89' lang='lat' dir='ltr'><strong>et</strong></span> <span class='ocrx_word' id='word_1_90' title='bbox 405 1442 517 1518; x_wconf 90' lang='lat' dir='ltr'><strong>impetu</strong></span> <span class='ocrx_word' id='word_1_91' title='bbox 531 1443 664 1500; x_wconf 88' lang='lat' dir='ltr'><strong>connisae</strong></span> <span class='ocrx_word' id='word_1_92' title='bbox 678 1445 824 1519; x_wconf 89' lang='lat' dir='ltr'><strong>proximos</strong></span> <span class='ocrx_word' id='word_1_93' title='bbox 841 1463 969 1520; x_wconf 90' lang='lat' dir='ltr'><strong>quosque</strong></span> <span class='ocrx_word' id='word_1_94' title='bbox 985 1463 1045 1500; x_wconf 89' lang='lat' dir='ltr'><strong>cae-</strong></span> 
     </span>
     <span class='ocr_line' id='line_1_14' title="bbox 156 1537 1044 1617; baseline 0.008 -25"><span class='ocrx_word' id='word_1_95' title='bbox 156 1537 243 1610; x_wconf 79' lang='lat' dir='ltr'><strong>dere3</strong></span> <span class='ocrx_word' id='word_1_96' title='bbox 263 1557 297 1594; x_wconf 90' lang='lat' dir='ltr'><strong>ao</strong></span> <span class='ocrx_word' id='word_1_97' title='bbox 320 1539 450 1614; x_wconf 90' lang='lat' dir='ltr'><strong>plerique</strong></span> <span class='ocrx_word' id='word_1_98' title='bbox 472 1541 627 1597; x_wconf 83' lang='lat' dir='ltr'><strong>semineces</strong></span> <span class='ocrx_word' id='word_1_99' title='bbox 650 1547 703 1597; x_wconf 88' lang='lat' dir='ltr'><strong>aut</strong></span> <span class='ocrx_word' id='word_1_100' title='bbox 729 1541 836 1617; x_wconf 88' lang='lat' dir='ltr'><strong>integri</strong></span> <span class='ocrx_word' id='word_1_101' title='bbox 858 1542 1044 1600; x_wconf 84' lang='lat' dir='ltr'><strong>festinatione</strong></span> 
     </span>
     <span class='ocr_line' id='line_1_15' title="bbox 156 1637 1044 1714; baseline 0.003 -22"><span class='ocrx_word' id='word_1_102' title='bbox 156 1638 297 1694; x_wconf 88' lang='lat' dir='ltr'><strong>victoriae</strong></span> <span class='ocrx_word' id='word_1_103' title='bbox 323 1637 571 1713; x_wconf 85' lang='lat' dir='ltr'><strong>relinquebantur.</strong></span> <span class='ocrx_word' id='word_1_104' title='bbox 621 1637 745 1695; x_wconf 86' lang='lat' dir='ltr'><strong>Interim</strong></span> <span class='ocrx_word' id='word_1_105' title='bbox 773 1640 906 1714; x_wconf 88' lang='lat' dir='ltr'><strong>equitum</strong></span> <span class='ocrx_word' id='word_1_106' title='bbox 929 1645 1044 1696; x_wconf 91' lang='lat' dir='ltr'><strong>turmae</strong></span> 
     </span>
     <span class='ocr_line' id='line_1_16' title="bbox 156 1736 1044 1811; baseline 0.002 -20"><span class='ocrx_word' id='word_1_107' title='bbox 156 1737 264 1810; x_wconf 87' lang='lat' dir='ltr'><strong>fugere,</strong></span> <span class='ocrx_word' id='word_1_108' title='bbox 293 1737 454 1792; x_wconf 86' lang='lat' dir='ltr'><strong>covinnarii</strong></span> <span class='ocrx_word' id='word_1_109' title='bbox 481 1736 615 1811; x_wconf 91' lang='lat' dir='ltr'><strong>peditum</strong></span> <span class='ocrx_word' id='word_1_110' title='bbox 642 1755 673 1792; x_wconf 88' lang='lat' dir='ltr'><strong>se</strong></span> <span class='ocrx_word' id='word_1_111' title='bbox 699 1737 809 1811; x_wconf 89' lang='lat' dir='ltr'><strong>proelio</strong></span> <span class='ocrx_word' id='word_1_112' title='bbox 835 1737 984 1807; x_wconf 88' lang='lat' dir='ltr'><strong>miscuere,</strong></span> <span class='ocrx_word' id='word_1_113' title='bbox 1013 1743 1044 1794; x_wconf 91' lang='lat' dir='ltr'><strong>et</strong></span> 
     </span>
     <span class='ocr_line' id='line_1_17' title="bbox 158 1831 1046 1906; baseline 0.001 -19"><span class='ocrx_word' id='word_1_114' title='bbox 158 1850 336 1906; x_wconf 86' lang='lat' dir='ltr'><strong>quamquam</strong></span> <span class='ocrx_word' id='word_1_115' title='bbox 360 1837 506 1889; x_wconf 89' lang='lat' dir='ltr'><strong>recentem</strong></span> <span class='ocrx_word' id='word_1_116' title='bbox 530 1837 671 1888; x_wconf 89' lang='lat' dir='ltr'><strong>terrorem</strong></span> <span class='ocrx_word' id='word_1_117' title='bbox 692 1831 862 1902; x_wconf 89' lang='lat' dir='ltr'><strong>intulerant,</strong></span> <span class='ocrx_word' id='word_1_118' title='bbox 887 1831 982 1888; x_wconf 88' lang='lat' dir='ltr'><strong>densis</strong></span> <span class='ocrx_word' id='word_1_119' title='bbox 1001 1837 1046 1888; x_wconf 85' lang='lat' dir='ltr'><strong>ta-</strong></span> 
     </span>
     <span class='ocr_line' id='line_1_18' title="bbox 156 1926 1041 2002; baseline 0 -19"><span class='ocrx_word' id='word_1_120' title='bbox 156 1946 225 1984; x_wconf 88' lang='lat' dir='ltr'><strong>men</strong></span> <span class='ocrx_word' id='word_1_121' title='bbox 251 1927 380 1984; x_wconf 84' lang='lat' dir='ltr'><strong>hostium</strong></span> <span class='ocrx_word' id='word_1_122' title='bbox 415 1927 579 2002; x_wconf 82' lang='lat' dir='ltr'><strong>agminibus</strong></span> <span class='ocrx_word' id='word_1_123' title='bbox 607 1933 637 1984; x_wconf 90' lang='lat' dir='ltr'><strong>et</strong></span> <span class='ocrx_word' id='word_1_124' title='bbox 660 1927 863 2002; x_wconf 85' lang='lat' dir='ltr'><strong>inaequalibus</strong></span> <span class='ocrx_word' id='word_1_125' title='bbox 885 1926 955 1983; x_wconf 90' lang='lat' dir='ltr'><strong>locis</strong></span> <span class='ocrx_word' id='word_1_126' title='bbox 978 1927 1041 1983; x_wconf 86' lang='lat' dir='ltr'><strong>hae</strong></span> 
     </span>
     <span class='ocr_line' id='line_1_19' title="bbox 156 2022 1043 2098; baseline 0 -20"><span class='ocrx_word' id='word_1_127' title='bbox 156 2023 260 2079; x_wconf 89' lang='lat' dir='ltr'><strong>rebant</strong></span> <span class='ocrx_word' id='word_1_128' title='bbox 266 2043 275 2093; x_wconf 82' lang='lat'>3</span> <span class='ocrx_word' id='word_1_129' title='bbox 303 2023 481 2098; x_wconf 91' lang='lat' dir='ltr'><strong>minimeque</strong></span> <span class='ocrx_word' id='word_1_130' title='bbox 507 2023 648 2098; x_wconf 90' lang='lat' dir='ltr'><strong>equestris</strong></span> <span class='ocrx_word' id='word_1_131' title='bbox 676 2041 711 2078; x_wconf 88' lang='lat' dir='ltr'><strong>ea</strong></span> <span class='ocrx_word' id='word_1_132' title='bbox 739 2023 797 2078; x_wconf 86' lang='lat' dir='ltr'><strong>iem</strong></span> <span class='ocrx_word' id='word_1_133' title='bbox 820 2041 934 2098; x_wconf 85' lang='lat' dir='ltr'><strong>pugnae</strong></span> <span class='ocrx_word' id='word_1_134' title='bbox 957 2022 1043 2079; x_wconf 81' lang='lat' dir='ltr'><strong>facies</strong></span> 
     </span>
     <span class='ocr_line' id='line_1_20' title="bbox 157 2118 1043 2194; baseline -0.002 -18"><span class='ocrx_word' id='word_1_135' title='bbox 157 2125 226 2190; x_wconf 82' lang='lat' dir='ltr'><strong>erat,</strong></span> <span class='ocrx_word' id='word_1_136' title='bbox 258 2139 350 2194; x_wconf 90' lang='lat' dir='ltr'><strong>quum</strong></span> <span class='ocrx_word' id='word_1_137' title='bbox 381 2137 466 2194; x_wconf 87' lang='lat' dir='ltr'><strong>aegre</strong></span> <span class='ocrx_word' id='word_1_138' title='bbox 496 2119 571 2174; x_wconf 89' lang='lat' dir='ltr'><strong>clivo</strong></span> <span class='ocrx_word' id='word_1_139' title='bbox 605 2119 748 2174; x_wconf 83' lang='lat' dir='ltr'><strong>instantes</strong></span> <span class='ocrx_word' id='word_1_140' title='bbox 782 2118 870 2174; x_wconf 88' lang='lat' dir='ltr'><strong>simul</strong></span> <span class='ocrx_word' id='word_1_141' title='bbox 903 2138 1043 2194; x_wconf 85' lang='lat' dir='ltr'><strong>equorum</strong></span> 
     </span>
    </p>
   </div>
   <div class='ocr_carea' id='block_1_3' title="bbox 156 2213 1156 2289">
    <p class='ocr_par' dir='ltr' id='par_1_3' title="bbox 156 2213 1156 2289">
     <span class='ocr_line' id='line_1_21' title="bbox 156 2213 1156 2289; baseline 0 -19"><span class='ocrx_word' id='word_1_142' title='bbox 156 2215 323 2289; x_wconf 87' lang='lat' dir='ltr'><strong>corporibus</strong></span> <span class='ocrx_word' id='word_1_143' title='bbox 344 2213 563 2289; x_wconf 90' lang='lat' dir='ltr'><strong>impellerentur</strong></span> <span class='ocrx_word' id='word_1_144' title='bbox 569 2232 578 2284; x_wconf 90' lang='lat'>;</span> <span class='ocrx_word' id='word_1_145' title='bbox 602 2231 636 2270; x_wconf 87' lang='lat' dir='ltr'><strong>ac</strong></span> <span class='ocrx_word' id='word_1_146' title='bbox 657 2232 740 2288; x_wconf 87' lang='lat' dir='ltr'><strong>saepe</strong></span> <span class='ocrx_word' id='word_1_147' title='bbox 763 2213 830 2288; x_wconf 86' lang='lat' dir='ltr'><strong>vagi</strong></span> <span class='ocrx_word' id='word_1_148' title='bbox 857 2232 967 2283; x_wconf 87' lang='lat' dir='ltr'><strong>currus,</strong></span> <span class='ocrx_word' id='word_1_149' title='bbox 996 2233 1042 2270; x_wconf 80' lang='lat' dir='ltr'><strong>ex·</strong></span> <span class='ocrx_word' id='word_1_150' title='bbox 1150 2277 1156 2286; x_wconf 55' lang='lat'>‚</span> 
     </span>
    </p>
   </div>
   <div class='ocr_carea' id='block_1_4' title="bbox 83 2308 1130 3440">
    <p class='ocr_par' dir='ltr' id='par_1_4' title="bbox 156 2308 1043 2476">
     <span class='ocr_line' id='line_1_22' title="bbox 157 2308 1043 2384; baseline 0 -20"><span class='ocrx_word' id='word_1_151' title='bbox 157 2310 254 2366; x_wconf 84' lang='lat' dir='ltr'><strong>territi</strong></span> <span class='ocrx_word' id='word_1_152' title='bbox 280 2311 343 2366; x_wconf 90' lang='lat' dir='ltr'><strong>sine</strong></span> <span class='ocrx_word' id='word_1_153' title='bbox 374 2309 535 2366; x_wconf 88' lang='lat' dir='ltr'><strong>rectoribus</strong></span> <span class='ocrx_word' id='word_1_154' title='bbox 564 2308 639 2383; x_wconf 91' lang='lat' dir='ltr'><strong>equi,</strong></span> <span class='ocrx_word' id='word_1_155' title='bbox 675 2313 711 2364; x_wconf 91' lang='lat' dir='ltr'><strong>ut</strong></span> <span class='ocrx_word' id='word_1_156' title='bbox 743 2327 888 2384; x_wconf 93' lang='lat' dir='ltr'><strong>quemque</strong></span> <span class='ocrx_word' id='word_1_157' title='bbox 921 2308 1043 2365; x_wconf 87' lang='lat' dir='ltr'><strong>formido</strong></span> 
     </span>
     <span class='ocr_line' id='line_1_23' title="bbox 156 2403 852 2476; baseline -0.001 -14"><span class='ocrx_word' id='word_1_158' title='bbox 156 2406 274 2476; x_wconf 87' lang='lat' dir='ltr'><strong>tulerat,</strong></span> <span class='ocrx_word' id='word_1_159' title='bbox 289 2410 467 2460; x_wconf 85' lang='lat' dir='ltr'><strong>transversos</strong></span> <span class='ocrx_word' id='word_1_160' title='bbox 480 2409 532 2459; x_wconf 86' lang='lat' dir='ltr'><strong>aut</strong></span> <span class='ocrx_word' id='word_1_161' title='bbox 546 2403 645 2459; x_wconf 91' lang='lat' dir='ltr'><strong>obvios</strong></span> <span class='ocrx_word' id='word_1_162' title='bbox 658 2403 852 2461; x_wconf 82' lang='lat' dir='ltr'><strong>incursabant</strong></span> 
     </span>
    </p>

    <p class='ocr_par' dir='ltr' id='par_1_5' title="bbox 83 2501 1130 3440">
     <span class='ocr_line' id='line_1_24' title="bbox 215 2501 1043 2577; baseline 0 -17"><span class='ocrx_word' id='word_1_163' title='bbox 215 2502 390 2560; x_wconf 82' lang='lat' dir='ltr'>XXXVII.</span> <span class='ocrx_word' id='word_1_164' title='bbox 432 2501 474 2558; x_wconf 84' lang='lat' dir='ltr'><strong>Et</strong></span> <span class='ocrx_word' id='word_1_165' title='bbox 497 2501 642 2570; x_wconf 85' lang='lat' dir='ltr'><strong>Britanni,</strong></span> <span class='ocrx_word' id='word_1_166' title='bbox 665 2503 717 2577; x_wconf 91' lang='lat' dir='ltr'><strong>qui</strong></span> <span class='ocrx_word' id='word_1_167' title='bbox 741 2503 836 2560; x_wconf 86' lang='lat' dir='ltr'><strong>adhuc</strong></span> <span class='ocrx_word' id='word_1_168' title='bbox 857 2521 971 2577; x_wconf 88' lang='lat' dir='ltr'><strong>pugnae</strong></span> <span class='ocrx_word' id='word_1_169' title='bbox 993 2522 1043 2560; x_wconf 86' lang='lat' dir='ltr'><strong>ex-</strong></span> 
     </span>
     <span class='ocr_line' id='line_1_25' title="bbox 157 2597 1043 2674; baseline 0.001 -20"><span class='ocrx_word' id='word_1_170' title='bbox 157 2605 251 2674; x_wconf 88' lang='lat' dir='ltr'><strong>pertes</strong></span> <span class='ocrx_word' id='word_1_171' title='bbox 275 2617 387 2654; x_wconf 88' lang='lat' dir='ltr'><strong>summa</strong></span> <span class='ocrx_word' id='word_1_172' title='bbox 408 2597 526 2654; x_wconf 91' lang='lat' dir='ltr'><strong>collium</strong></span> <span class='ocrx_word' id='word_1_173' title='bbox 548 2597 716 2654; x_wconf 85' lang='lat' dir='ltr'><strong>insederant</strong></span> <span class='ocrx_word' id='word_1_174' title='bbox 735 2603 766 2654; x_wconf 86' lang='lat' dir='ltr'><strong>et</strong></span> <span class='ocrx_word' id='word_1_175' title='bbox 783 2599 960 2672; x_wconf 85' lang='lat' dir='ltr'><strong>paucitatem</strong></span> <span class='ocrx_word' id='word_1_176' title='bbox 979 2617 1043 2655; x_wconf 87' lang='lat' dir='ltr'><strong>nos-</strong></span> 
     </span>
     <span class='ocr_line' id='line_1_26' title="bbox 157 2694 1044 2770; baseline 0 -20"><span class='ocrx_word' id='word_1_177' title='bbox 157 2701 270 2750; x_wconf 88' lang='lat' dir='ltr'><strong>trorum</strong></span> <span class='ocrx_word' id='word_1_178' title='bbox 287 2695 372 2750; x_wconf 85' lang='lat' dir='ltr'><strong>vacui</strong></span> <span class='ocrx_word' id='word_1_179' title='bbox 392 2694 574 2768; x_wconf 86' lang='lat' dir='ltr'><strong>spernebant,</strong></span> <span class='ocrx_word' id='word_1_180' title='bbox 590 2694 707 2769; x_wconf 88' lang='lat' dir='ltr'><strong>degredi</strong></span> <span class='ocrx_word' id='word_1_181' title='bbox 720 2694 862 2770; x_wconf 88' lang='lat' dir='ltr'><strong>paulatim</strong></span> <span class='ocrx_word' id='word_1_182' title='bbox 878 2701 909 2752; x_wconf 91' lang='lat' dir='ltr'><strong>et</strong></span> <span class='ocrx_word' id='word_1_183' title='bbox 924 2695 1044 2752; x_wconf 89' lang='lat' dir='ltr'><strong>circum-</strong></span> 
     </span>
     <span class='ocr_line' id='line_1_27' title="bbox 156 2790 1043 2864; baseline -0.001 -18"><span class='ocrx_word' id='word_1_184' title='bbox 156 2791 199 2847; x_wconf 89' lang='lat' dir='ltr'><strong>ire</strong></span> <span class='ocrx_word' id='word_1_185' title='bbox 221 2797 303 2864; x_wconf 90' lang='lat' dir='ltr'><strong>terga</strong></span> <span class='ocrx_word' id='word_1_186' title='bbox 325 2790 507 2846; x_wconf 87' lang='lat' dir='ltr'><strong>vincentium</strong></span> <span class='ocrx_word' id='word_1_187' title='bbox 531 2795 693 2864; x_wconf 87' lang='lat' dir='ltr'><strong>coeperant,</strong></span> <span class='ocrx_word' id='word_1_188' title='bbox 716 2790 748 2846; x_wconf 90' lang='lat' dir='ltr'><strong>ni</strong></span> <span class='ocrx_word' id='word_1_189' title='bbox 766 2790 798 2846; x_wconf 91' lang='lat' dir='ltr'><strong>id</strong></span> <span class='ocrx_word' id='word_1_190' title='bbox 817 2791 912 2864; x_wconf 87' lang='lat' dir='ltr'><strong>ipsum</strong></span> <span class='ocrx_word' id='word_1_191' title='bbox 932 2791 1043 2846; x_wconf 88' lang='lat' dir='ltr'><strong>veritus</strong></span> 
     </span>
     <span class='ocr_line' id='line_1_28' title="bbox 157 2885 1043 2962; baseline 0 -20"><span class='ocrx_word' id='word_1_192' title='bbox 157 2887 297 2961; x_wconf 85' lang='lat' dir='ltr'><strong>Agricola</strong></span> <span class='ocrx_word' id='word_1_193' title='bbox 331 2892 471 2962; x_wconf 88' lang='lat' dir='ltr'><strong>quattuor</strong></span> <span class='ocrx_word' id='word_1_194' title='bbox 507 2885 639 2960; x_wconf 89' lang='lat' dir='ltr'><strong>equitum</strong></span> <span class='ocrx_word' id='word_1_195' title='bbox 674 2887 740 2956; x_wconf 88' lang='lat' dir='ltr'><strong>alas,</strong></span> <span class='ocrx_word' id='word_1_196' title='bbox 779 2886 817 2942; x_wconf 89' lang='lat' dir='ltr'><strong>ad</strong></span> <span class='ocrx_word' id='word_1_197' title='bbox 846 2885 943 2948; x_wconf 87' lang='lat' dir='ltr'><strong>subita</strong></span> <span class='ocrx_word' id='word_1_198' title='bbox 973 2885 1043 2942; x_wconf 92' lang='lat' dir='ltr'><strong>belli</strong></span> 
     </span>
     <span class='ocr_line' id='line_1_29' title="bbox 83 2969 1043 3058; baseline 0 -19"><span class='ocrx_word' id='word_1_199' title='bbox 83 2969 87 2978; x_wconf 46' lang='lat'>⁵</span> <span class='ocrx_word' id='word_1_200' title='bbox 157 2989 294 3054; x_wconf 86' lang='lat' dir='ltr'><strong>retentas,</strong></span> <span class='ocrx_word' id='word_1_201' title='bbox 318 2982 504 3039; x_wconf 88' lang='lat' dir='ltr'><strong>venientibus</strong></span> <span class='ocrx_word' id='word_1_202' title='bbox 525 2981 710 3056; x_wconf 87' lang='lat' dir='ltr'><strong>opposuisset,</strong></span> <span class='ocrx_word' id='word_1_203' title='bbox 734 2987 901 3058; x_wconf 89' lang='lat' dir='ltr'><strong>quantoque</strong></span> <span class='ocrx_word' id='word_1_204' title='bbox 920 2982 1043 3040; x_wconf 85' lang='lat' dir='ltr'><strong>ferocius</strong></span> 
     </span>
     <span class='ocr_line' id='line_1_30' title="bbox 157 3077 1041 3153; baseline -0.002 -15"><span class='ocrx_word' id='word_1_205' title='bbox 157 3085 385 3148; x_wconf 71' lang='lat' dir='ltr'><strong>accucurrerunt,</strong></span> <span class='ocrx_word' id='word_1_206' title='bbox 400 3085 484 3135; x_wconf 91' lang='lat' dir='ltr'><strong>tanto</strong></span> <span class='ocrx_word' id='word_1_207' title='bbox 497 3079 591 3134; x_wconf 89' lang='lat' dir='ltr'><strong>acrius</strong></span> <span class='ocrx_word' id='word_1_208' title='bbox 605 3077 702 3152; x_wconf 91' lang='lat' dir='ltr'><strong>pulsos</strong></span> <span class='ocrx_word' id='word_1_209' title='bbox 716 3078 748 3134; x_wconf 91' lang='lat' dir='ltr'><strong>in</strong></span> <span class='ocrx_word' id='word_1_210' title='bbox 761 3078 858 3153; x_wconf 87' lang='lat' dir='ltr'><strong>fugam</strong></span> <span class='ocrx_word' id='word_1_211' title='bbox 876 3078 1041 3136; x_wconf 83' lang='lat' dir='ltr'><strong>disiecisset</strong></span> 
     </span>
     <span class='ocr_line' id='line_1_31' title="bbox 158 3174 1044 3249; baseline -0.008 -14"><span class='ocrx_word' id='word_1_212' title='bbox 158 3177 209 3234; x_wconf 89' lang='lat' dir='ltr'><strong>Ita</strong></span> <span class='ocrx_word' id='word_1_213' title='bbox 229 3175 382 3234; x_wconf 88' lang='lat' dir='ltr'><strong>consilium</strong></span> <span class='ocrx_word' id='word_1_214' title='bbox 405 3175 615 3232; x_wconf 90' lang='lat' dir='ltr'><strong>Britannorum</strong></span> <span class='ocrx_word' id='word_1_215' title='bbox 642 3174 674 3230; x_wconf 92' lang='lat' dir='ltr'><strong>in</strong></span> <span class='ocrx_word' id='word_1_216' title='bbox 697 3174 773 3249; x_wconf 88' lang='lat' dir='ltr'><strong>ipsos</strong></span> <span class='ocrx_word' id='word_1_217' title='bbox 796 3193 921 3245; x_wconf 88' lang='lat' dir='ltr'><strong>versum,</strong></span> <span class='ocrx_word' id='word_1_218' title='bbox 950 3181 1044 3231; x_wconf 84' lang='lat' dir='ltr'><strong>trans·</strong></span> 
     </span>
     <span class='ocr_line' id='line_1_32' title="bbox 158 3269 1044 3348; baseline -0.001 -21"><span class='ocrx_word' id='word_1_219' title='bbox 158 3277 314 3348; x_wconf 81' lang='lat' dir='ltr'><strong>rectaeque</strong></span> <span class='ocrx_word' id='word_1_220' title='bbox 335 3275 486 3346; x_wconf 86' lang='lat' dir='ltr'><strong>praecepto</strong></span> <span class='ocrx_word' id='word_1_221' title='bbox 509 3269 589 3325; x_wconf 88' lang='lat' dir='ltr'><strong>ducis</strong></span> <span class='ocrx_word' id='word_1_222' title='bbox 613 3288 631 3325; x_wconf 91' lang='lat' dir='ltr'><strong>a</strong></span> <span class='ocrx_word' id='word_1_223' title='bbox 652 3269 747 3326; x_wconf 81' lang='lat' dir='ltr'><strong>fronte</strong></span> <span class='ocrx_word' id='word_1_224' title='bbox 765 3269 960 3344; x_wconf 90' lang='lat' dir='ltr'><strong>pugnantium</strong></span> <span class='ocrx_word' id='word_1_225' title='bbox 981 3269 1044 3326; x_wconf 88' lang='lat' dir='ltr'><strong>alae</strong></span> 
     </span>
     <span class='ocr_line' id='line_1_33' title="bbox 158 3363 1130 3440; baseline -0.004 -16"><span class='ocrx_word' id='word_1_226' title='bbox 158 3386 289 3424; x_wconf 87' lang='lat' dir='ltr'><strong>aversam</strong></span> <span class='ocrx_word' id='word_1_227' title='bbox 312 3366 441 3423; x_wconf 89' lang='lat' dir='ltr'><strong>hostium</strong></span> <span class='ocrx_word' id='word_1_228' title='bbox 461 3364 552 3422; x_wconf 89' lang='lat' dir='ltr'><strong>aciem</strong></span> <span class='ocrx_word' id='word_1_229' title='bbox 573 3363 712 3421; x_wconf 88' lang='lat' dir='ltr'><strong>invasere.</strong></span> <span class='ocrx_word' id='word_1_230' title='bbox 754 3364 829 3420; x_wconf 82' lang='lat' dir='ltr'><strong>Tum</strong></span> <span class='ocrx_word' id='word_1_231' title='bbox 852 3382 921 3420; x_wconf 89' lang='lat' dir='ltr'><strong>vero</strong></span> <span class='ocrx_word' id='word_1_232' title='bbox 944 3369 1044 3440; x_wconf 88' lang='lat' dir='ltr'><strong>paten-</strong></span> <span class='ocrx_word' id='word_1_233' title='bbox 1126 3425 1130 3433; x_wconf 25' lang='lat'><strong>¹</strong></span> 
     </span>
    </p>
   </div>
   <div class='ocr_carea' id='block_1_5' title="bbox 159 3463 1045 3543">
    <p class='ocr_par' dir='ltr' id='par_1_6' title="bbox 159 3463 1045 3543">
     <span class='ocr_line' id='line_1_34' title="bbox 159 3463 1045 3543; baseline -0.002 -19"><span class='ocrx_word' id='word_1_234' title='bbox 159 3467 239 3524; x_wconf 84' lang='lat' dir='ltr'><strong>tibus</strong></span> <span class='ocrx_word' id='word_1_235' title='bbox 251 3466 321 3524; x_wconf 86' lang='lat' dir='ltr'><strong>locis</strong></span> <span class='ocrx_word' id='word_1_236' title='bbox 335 3465 443 3543; x_wconf 89' lang='lat' dir='ltr'><strong>grande</strong></span> <span class='ocrx_word' id='word_1_237' title='bbox 457 3471 487 3524; x_wconf 89' lang='lat' dir='ltr'><strong>et</strong></span> <span class='ocrx_word' id='word_1_238' title='bbox 500 3471 585 3522; x_wconf 86' lang='lat' dir='ltr'><strong>atrox</strong></span> <span class='ocrx_word' id='word_1_239' title='bbox 601 3463 817 3541; x_wconf 66' lang='lat' dir='ltr'><strong>spectaculum</strong></span> <span class='ocrx_word' id='word_1_240' title='bbox 838 3464 928 3540; x_wconf 86' lang='lat' dir='ltr'><strong>sequi,</strong></span> <span class='ocrx_word' id='word_1_241' title='bbox 945 3463 1045 3523; x_wconf 90' lang='lat' dir='ltr'><strong>vulne·</strong></span> 
     </span>
    </p>
   </div>
   <div class='ocr_carea' id='block_1_6' title="bbox 0 0 1221 3784">
    <p class='ocr_par' dir='ltr' id='par_1_7' title="bbox 0 0 1221 3784">
     <span class='ocr_line' id='line_1_35' title="bbox 0 0 1221 3784; baseline 0 0"><span class='ocrx_word' id='word_1_242' title='bbox 0 0 1221 3784; x_wconf 95' lang='lat' dir='ltr'><strong> </strong></span> 
     </span>
    </p>
   </div>
  </div>
 </body>
</html>
