2432 3784
152 214 201 276 24,
348 269 350 274 ,
411 213 615 273 CORNELII
640 213 787 274 raom

152 343 337 408 Britanniam
353 343 471 402 vicistis
514 343 571 400 Tot
589 344 829 420 expeditionibus,
852 349 896 402 tot
918 345 1043 420 proeliis,

151 461 203 500 seu
215 440 390 498 fortitudine
402 440 540 498 adversus
556 441 653 502 hostes
669 461 720 499 scu
738 441 879 516 patientia
896 461 929 499 ac
946 442 1045 501 labore

151 556 243 614 paene
257 537 395 594 adversus
408 537 501 612 ipsam
515 555 612 594 rerum
627 543 763 594 naturam
777 557 850 614 opus
866 539 931 610 fuit,
949 557 1045 615 neque

151 655 198 694 me
211 635 341 692 militum
356 652 452 708 neque
467 652 519 690 vos
536 632 617 690 ducis
635 634 788 710 poenituit
831 635 909 710 Ergo
930 636 1043 710 egressi,

151 754 204 816 ego
223 738 357 789 veterum
376 729 545 813 legatorum,
567 749 619 786 vos
638 730 768 822 priorum
787 731 969 788 exercituum
989 737 1046 788 ter-

64 847 66 851 ’
151 832 255 899 minos,
278 827 367 882 finem
389 823 561 888 Britanniae
587 845 647 882 non
668 827 745 888 fama
768 845 822 883 nec
847 846 970 899 rumore,
996 828 1046 886 sed

152 930 253 988 castris
271 932 302 986 et
317 925 405 984 armis
422 929 563 984 tenemus
606 925 734 982 Inventa
755 925 909 982 Britannia
929 932 960 984 et
979 927 1045 982 sub-

152 1032 224 1084 acta
267 1025 413 1104 Equidem
436 1045 521 1102 saepe
542 1025 574 1080 in
598 1023 719 1099 agmine,
742 1043 832 1099 quum
853 1043 905 1082 vos
925 1025 1046 1099 paludes

152 1131 303 1182 montesve
329 1130 360 1182 ct
385 1126 508 1182 flumina
533 1121 699 1196 fatigarent,
728 1121 879 1177 fortissimi
906 1121 1046 1197 cuiusque

153 1239 237 1276 voces
249 1220 418 1278 audiebam:
440 1219 556 1296 quando
570 1217 688 1274 dabitur
704 1215 803 1287 hostis,
819 1217 934 1292 quando
950 1218 1042 1275 aciesl

153 1315 297 1389 Veniunt,
315 1337 333 1375 e
351 1317 471 1390 latebris
491 1315 552 1372 suis
571 1313 692 1384 extrusi,
712 1321 743 1370 et
761 1319 829 1370 vota
845 1315 996 1389 virtusque
1014 1315 1046 1370 in

153 1419 261 1490 aperto,
275 1416 430 1492 omniaque
444 1433 536 1491 prona
551 1411 719 1477 victoribus,
736 1417 825 1486 atque
841 1412 942 1468 eadem
960 1411 1046 1468 victis

153 1509 280 1568 adversa.
323 1511 403 1568 Nam
426 1517 461 1566 ut
488 1527 636 1585 superasse
662 1513 780 1564 tantum
807 1506 928 1578 itineris,
959 1506 1046 1564 silvas

54 1621 56 1626 ·
154 1607 285 1676 evasisse,
308 1605 445 1663 transisse
463 1604 608 1662 aestuaria
628 1602 783 1679 pulchrum
806 1603 993 1679 acdecorum
1014 1604 1046 1659 in

153 1699 288 1772 frontem,
313 1702 357 1759 ita
380 1701 560 1776 fugientibus
583 1699 833 1776 periculosissima,
859 1719 934 1776 quae
960 1700 1047 1756 hodic

154 1798 347 1872 prosperrima
370 1807 446 1854 suut.
478 1797 595 1872 ‚Neque
622 1796 701 1852 enim
727 1797 812 1852 nobis
838 1804 891 1852 aut
917 1797 1046 1854 locorum

154 1892 264 1972 eadem,
280 1895 386 1952 notitia
412 1900 464 1952 aut
491 1901 705 1952 commeatuum
731 1895 832 1950 eadem
859 1894 1044 1965 abundantia,

154 1987 204 2044 sed
227 2007 330 2046 manus
355 1997 385 2047 et
406 2009 494 2060 arma,
519 1995 550 2046 et
569 1990 602 2046 in
621 1989 667 2046 his
688 1989 791 2047 omnia
836 1988 922 2058 Quod
941 1989 979 2046 ad
1000 2008 1047 2045 me

154 2084 270 2155 attinet,
285 2086 343 2142 iam
357 2067 471 2162 pridem
484 2085 558 2142 mihi
571 2086 719 2142 decretum
733 2091 778 2142 est
791 2103 886 2160 neque
902 2085 1047 2142 exercitus

154 2201 248 2257 neque
262 2183 343 2240 ducis
356 2190 439 2259 terga
451 2189 518 2240 tuta
531 2202 598 2242 essa
641 2182 768 2240 Proinde
786 2187 816 2238 et
831 2182 954 2238 honesta
970 2201 1047 2238 mors

154 2279 235 2354 turpi
251 2279 314 2336 vita
330 2280 434 2355 potior,
452 2284 482 2335 et
497 2278 683 2357 incolumitas
703 2296 736 2333 ac
757 2277 844 2334 decus
864 2276 964 2334 eodem
985 2276 1047 2333 loco

155 2373 212 2430 sita
238 2380 322 2446 sunt;
344 2394 399 2432 nec
421 2375 578 2450 inglorium
601 2375 691 2432 fuerit
711 2374 743 2430 in
763 2373 825 2449 ipso
849 2379 994 2430 terrarum
1014 2393 1047 2430 ac

155 2475 277 2526 naturae
290 2470 347 2526 fine
359 2471 503 2530 cecidisse.
901 2513 904 2522 ·

214 2562 370 2624 XXXIV.
413 2565 445 2622 Si
458 2585 550 2623 novae
563 2571 664 2642 gentes
678 2571 766 2642 atque
779 2567 880 2642 ignota
893 2566 968 2624 acies
982 2587 1047 2624 con-

155 2659 285 2729 stitisset,
309 2660 433 2718 aliorum
455 2662 637 2719 exercituum
660 2663 802 2738 exemplis
825 2681 877 2719 vos
897 2661 1030 2720 hortarer
1037 2685 1045 2736 ;

156 2774 234 2811 nunc
244 2763 341 2812 vestra
351 2757 453 2814 decora
463 2765 615 2828 recensete,
627 2765 739 2816 vestros
750 2758 847 2815 oculos
858 2759 1044 2833 interrogate.

157 2849 201 2906 Hi
228 2857 306 2923 sunt,
331 2872 403 2928 quos
426 2855 561 2929 proximo
588 2873 665 2911 anno
687 2873 776 2910 unam
800 2854 943 2929 legionem
967 2855 1047 2910 furto

155 2947 249 3004 noctis
276 2967 421 3024 aggressos
451 2949 575 3006 clamore
605 2950 787 3024 debellastis3
820 2951 853 3008 hi
884 2959 1047 3010 ceterorum

157 3043 367 3102 Britannorum
379 3046 562 3122 fugacissimi,
581 3047 703 3123 ideoque
720 3053 782 3104 tam
799 3048 851 3104 diu
867 3048 1045 3123 superstites

157 3139 307 3207 Quomodo
329 3141 416 3198 silvas
439 3143 588 3218 saltusque
612 3145 833 3218 penetrantibus
856 3145 1047 3200 fortissimum

156 3237 291 3314 quodque
309 3237 417 3294 animal
434 3244 535 3295 contra
552 3240 793 3315 ruera-pavida
808 3248 839 3297 et
859 3241 965 3297 inertia
985 3240 1047 3316 ipso

155 3321 280 3408 agminis
308 3353 378 3392 sono
405 3335 652 3412 pelluntur,-sic
677 3337 811 3393 acerrimi
838 3337 1047 3393 Britannorum

156 3429 336 3507 iampridem
350 3432 525 3504 ceciderunt,
535 3431 666 3510 reliquus
675 3439 865 3494 estnumerus
875 3433 1048 3510 ignavorum
