2432 3784
554 945 690 1022 va

211 1169 214 1178 ·
254 1142 433 1218 ouum
467 1139 623 1217 Juun
655 1139 989 1257 Aoeroonun.

173 1421 282 1492 1.'—-111.
327 1433 445 1492 Τοοὶιοιο
467 1436 622 1510 opoloqiees
635 1435 691 1510 sor
714 1435 834 1510 offerinq
856 1436 1013 1512 dioqropluy
1034 1449 1063 1497 ιο

215 1543 255 1579 σοι
271 1541 322 1596 oye
337 1523 435 1592 uiuet,
458 1522 662 1596 conoquium
682 1523 744 1580 mul
762 1541 840 1580 moro
858 1523 975 1598 hopeful
992 1526 1062 1584 ιΙιοο

215 1609 260 1665 tlte
286 1609 396 1666 turribio
420 1607 525 1682 period
546 1608 585 1682 of
598 1609 758 1678 Domitian,
783 1629 843 1666 οοοο
865 1611 927 1668 still
952 1632 983 1668 eo
1004 1613 1063 1687 saa·

215 1694 404 1752 dmmalmed
412 1715 445 1750 ae
460 1703 486 1751 to
496 1693 595 1768 prefer
614 1695 716 1752 satirae
729 1715 768 1752 oo
781 1695 839 1752 uiue
854 1705 881 1754 to
895 1698 939 1754 tde
949 1699 1062 1772 promer

214 1780 251 1854 of
256 1781 356 1838 virtue.

236 1907 261 1964 Ι.
305 1907 456 1964 Clarorum
489 1907 620 1962 virorum
650 1907 727 1964 faeta
757 1925 909 1984 moresque
940 1912 1062 1986 posteris

173 2005 298 2077 tradere,
319 2005 483 2081 antiquitus
498 2005 649 2076 usitatum,
669 2023 706 2062 ne
726 2005 835 2062 nostris
855 2007 974 2082 quidem
991 2013 1063 2064 tem-

172 2101 294 2177 poribus
325 2119 503 2176 quumquam
534 2101 677 2157 incuriosa
704 2119 822 2158 suornm
848 2107 928 2158 uetes
954 2103 1060 2172 omisit,

174 2197 311 2272 quotiens
326 2215 432 2271 magno
445 2196 544 2271 eliqua
559 2215 592 2252 ac
606 2197 712 2253 nobilis
725 2196 820 2254 virtus
833 2197 906 2254 vicit
921 2215 955 2254 ao
967 2217 1063 2273 euper-

173 2312 272 2368 greseu
291 2299 337 2350 est
356 2294 464 2349 vitium
484 2293 582 2368 parvis
603 2293 774 2368 magnisque
795 2293 964 2350 civitatibus
987 2312 1063 2351 oom-

174 2409 271 2460 mune‚
296 2384 495 2464 'ignorantiam
526 2390 599 2446 recti
631 2395 661 2446 et
690 2389 840 2446 invidiam.
898 2388 954 2446 Sed
985 2391 1063 2465 opud

174 2486 285 2562 priores
306 2491 341 2542 ut
364 2503 448 2560 agere
472 2485 560 2560 digne
583 2492 745 2542 memoratu
768 2503 894 2560 pronum
915 2487 1062 2561 magisque

173 2583 209 2637 in
232 2587 332 2656 aperto
356 2587 426 2652 erat,
451 2581 495 2636 ite
518 2581 720 2638 celeberrimus
744 2581 866 2656 quisque
888 2581 1006 2656 ingenio
1025 2584 1063 2638 ad

173 2677 351 2752 prodendam
372 2678 493 2734 virtutis
513 2678 682 2734 memoriam
702 2679 765 2734 sine
784 2679 880 2754 grutiu
901 2685 953 2734 uut
972 2679 1062 2735 ambi-

173 2774 255 2828 tione
269 2773 360 2828 bonae
373 2777 491 2828 tantum
505 2770 697 2829 conscientiae
709 2773 804 2848 pretio
818 2773 983 2829 ducebatur.
1014 2773 1063 2829 Ao

174 2868 306 2946 plerique
332 2887 415 2926 suam
447 2869 504 2944 ipsi
530 2870 623 2926 vitam
654 2887 774 2926 narrare
804 2869 940 2925 fiduciam
966 2870 1063 2942 potius

173 2981 290 3020 morum
308 2983 396 3038 quam
417 2965 613 3039 arrogantiam
632 2965 767 3021 arbitrati
784 2971 862 3038 sunt,
881 2963 934 3021 neo
951 2965 983 3021 id
1003 2964 1064 3021 Ru-

173 3061 240 3118 tilio
254 3068 284 3117 et
300 3061 409 3118 Scauro
422 3061 496 3117 citra
508 3062 596 3118 fidem
612 3067 664 3118 aut
677 3061 882 3118 obtrectationi
897 3061 971 3133 fuit3
991 3061 1062 3117 adeo

173 3157 299 3213 virtutes
312 3157 417 3212 iisdem
430 3159 610 3233 temporibus
624 3158 734 3234 optime
747 3158 945 3230 aestimantur,
957 3159 1062 3232 quibus

173 3251 311 3308 facillimo
331 3252 499 3326 gignuntur.
542 3255 588 3311 At
605 3271 684 3310 nuno
702 3259 855 3310 narraturo
877 3253 951 3309 mihi
970 3254 1062 3309 vitem

173 3347 305 3405 defuncti
323 3348 451 3404 hominis
463 3349 551 3406 venia
564 3368 636 3424 opus
652 3349 725 3420 fuit3
746 3367 835 3422 quam
851 3367 911 3404 non
926 3349 1061 3424 petissem

172 3445 358 3502 incusatum
371 3457 432 3500 mm
446 3460 532 3502 saeva
545 3450 576 3502 et
589 3444 696 3500 infesta
708 3443 869 3500 virtutibus
881 3449 1019 3520 tempore.

191 3565 201 3590 ι
245 3555 300 3602 nn.
965 3539 980 3596 1
