2432 3784
155 242 174 300 8'
394 237 615 302 ,CORNELII
641 239 782 302 PAOH'I

154 373 186 428 in
207 373 375 429 universum
396 370 474 428 fama
491 376 535 429 est
562 375 746 446 transgressa
783 371 842 432 Sed
862 372 1038 434 immensum

154 475 185 526 et
202 488 319 526 enorme
338 468 467 544 spatium
484 467 718 542 procurrentium
731 473 862 528 extremo
875 471 935 528 iem
954 471 1040 530 litore

47 556 50 561 ¹
155 576 297 623 terrarum
322 564 406 622 velut
431 564 464 622 in
491 581 616 622 maneum
645 569 793 624 tenuatur.
844 566 932 624 Hanc
959 587 1038 626 oram

155 649 303 718 novissimi
320 661 408 718 maris
425 664 497 716 tunc
515 659 643 734 primum
657 659 791 716 Romane
808 661 906 720 classis
919 663 1039 722 circum·

156 763 236 814 vecta
258 756 383 812 insulam
405 773 466 813 esse
490 753 675 812 Britanniam
701 756 864 828 affirmavit,
891 777 925 816 ac
951 760 1039 816 simrd

153 853 313 928 incognitae
326 851 363 908 ed
379 851 411 908 id
427 856 543 926 tempus
560 850 679 923 insrrlas,
694 871 768 928 quas
782 853 909 912 Orcadas
921 865 1037 928 vocant,

154 948 266 1005 invenit
279 947 457 1023 domuitque.
498 945 637 1022 Dispecte
654 953 699 1004 est
720 953 751 1005 et
771 948 874 1022 Thule,
890 951 959 1026 quia
974 951 1039 1008 hac

155 1052 238 1102 tenus
251 1045 370 1115 iussum,
385 1050 416 1101 et
433 1037 526 1100 hiems
545 1042 709 1118 appetebat.
752 1043 811 1104 Sod
825 1064 905 1104 mare
925 1047 1038 1122 pigrum

154 1151 183 1200 et
202 1161 293 1218 grave
315 1143 525 1218 remigantibus
534 1161 544 1214 ;
566 1141 721 1216 perhibent
745 1161 784 1202 ne
803 1145 899 1202 ventis
919 1145 1038 1222 quidem

155 1237 274 1313 proinde
287 1237 402 1310 attolli3
419 1238 512 1308 credo,
524 1237 602 1312 quod
614 1237 737 1296 rariores
750 1243 846 1297 terrae
859 1248 1037 1316 montesque,

153 1355 251 1396 caussa
276 1355 310 1392 ac
330 1337 452 1393 materia
474 1340 692 1411 tempestatum,
721 1343 751 1394 et
777 1337 921 1413 profunda
946 1338 1038 1396 moles

151 1433 283 1489 continui
305 1433 393 1490 maris
412 1432 524 1490 tardius
547 1432 716 1508 impellitur.
759 1434 905 1492 Naturam
930 1433 1037 1492 Oceani

151 1537 239 1607 etque
253 1536 349 1587 aestus
362 1549 456 1607 neque
469 1549 607 1606 quaerere
622 1530 711 1588 huius
728 1533 822 1607 operis
836 1538 888 1603 est,
903 1551 936 1588 ac
949 1533 1038 1590 multi

153 1627 297 1688 rettulere.
330 1626 434 1686 Unum
449 1626 619 1699 addiderim,
634 1645 779 1703 nusquam
793 1627 880 1687 latius
894 1629 1037 1688 dominari

153 1745 239 1800 mare,
261 1727 390 1784 multum
413 1726 568 1782 fluminum
591 1725 649 1783 huo
672 1735 761 1800 atque
787 1725 857 1782 illuc
880 1727 963 1793 ferre,
984 1745 1037 1784 nec

153 1821 236 1879 litore
266 1829 353 1879 tenus
383 1839 541 1880 torrescere
571 1827 624 1878 aut
654 1821 802 1892 resorberi,
833 1821 883 1878 sed
915 1822 1036 1879 influere

153 1918 267 1992 penitus
276 1924 365 1998 atque
378 1919 496 1989 ambire,
509 1925 539 1976 et
552 1920 627 1994 iugis
639 1919 726 1975 etiam
740 1936 773 1974 ao
786 1917 934 1974 montibus
947 1918 1036 1975 inseri

151 2011 232 2070 velut
246 2012 278 2070 in
292 2032 350 2070 suo.

209 2107 267 2165 XL
310 2107 447 2166 Ceterum
482 2108 664 2164 Britanniam
699 2109 751 2186 qui
784 2111 920 2167 mortales
950 2111 1036 2169 initio

150 2202 300 2271 coluerint,
327 2204 479 2278 indigenae
505 2221 544 2259 an
570 2203 692 2276 advecti,
720 2209 756 2260 ut
781 2205 862 2262 inter
888 2205 1034 2277 barbaros,

151 2319 252 2375 parum
276 2305 463 2374 compertum.
514 2297 646 2358 Habitus
670 2318 823 2375 corporum
843 2302 925 2372 varii,
949 2308 1036 2376 atque

151 2416 188 2453 ex
205 2415 239 2454 eo
253 2401 429 2471 argumenta
471 2394 608 2470 Namque
624 2396 730 2454 rutilae
751 2395 938 2454 Caledoniam
956 2397 1037 2456 habi-

152 2493 278 2548 tantium
304 2510 409 2558 comae,
438 2491 537 2566 magni
559 2497 640 2548 artus
664 2491 867 2550 Germanicam
893 2493 1035 2568 originem

150 2590 322 2642 asseverant
365 2584 494 2643 Silurum
512 2585 632 2642 colorati
650 2585 759 2653 vultus,
776 2587 849 2643 torti
865 2587 1036 2663 plerumque

150 2683 250 2754 crinea
266 2688 296 2739 et
309 2683 405 2758 posita
419 2690 519 2743 contra
538 2683 685 2757 Hispania
702 2683 803 2740 Iberos
819 2690 932 2742 veterae
950 2687 1036 2744 traie-

150 2778 222 2834 cisse
243 2795 350 2853 easque
369 2776 450 2834 sedes
468 2795 618 2852 occupasse
636 2777 722 2834 fidem
740 2778 859 2836 fatiunt
902 2779 1035 2838 Proximi

150 2870 244 2929 Gallis
264 2879 296 2930 et
318 2872 426 2930 similes
452 2877 529 2942 sunt,
558 2891 608 2929 eeu
636 2872 760 2930 durante
781 2874 901 2949 originis
919 2876 958 2947 ri,
984 2895 1034 2934 seu

149 2969 385 3044 procurrentibus
397 2967 430 3024 in
443 2967 555 3024 diversa
567 2968 654 3024 torris
667 2969 772 3043 positio
783 2970 856 3028 coeli
866 2973 1035 3048 corporibus

150 3064 284 3122 habitum
295 3062 384 3120 dedit.
417 3061 453 3118 In
466 3062 635 3118 universum
648 3068 748 3120 tamen
758 3066 925 3124 aestimanti
936 3066 1034 3126 Gallos

149 3161 276 3218 vicinam
289 3158 415 3216 insulam
428 3175 580 3234 occupasse
593 3158 730 3218 credibile
743 3166 794 3217 est
831 3161 941 3219 Eorum
954 3182 1034 3220 sacra

149 3255 353 3332 deprehendes,
365 3253 605 3330 superstitionum
615 3255 812 3330 persuasiones
821 3277 831 3330 ;
852 3276 946 3316 sermo
956 3259 1032 3318 haud

149 3352 275 3409 multum
305 3352 436 3410 diversus
448 3370 458 3424 ;
492 3351 525 3408 in
551 3350 738 3426 deposcendis
768 3353 904 3428 periculis
934 3354 1034 3412 eadem

149 3447 277 3516 audacia,
294 3454 333 3520 et,
351 3449 402 3507 ubi
423 3447 573 3518 advenere,
594 3447 627 3504 in
647 3447 842 3508 detrectandis
862 3450 962 3510 eadem
978 3451 1034 3510 ior·
