2432 3784
324 269 526 330 AGRIOOLA
555 269 847 330 XXX-XXXII.
996 273 1037 331 21Ι

184 399 289 458 aaut
299 399 395 474 efforts
407 398 445 474 os
451 420 471 457 a
482 399 603 458 hiuma
613 399 817 475 maamad
823 401 930 477 propte,
945 402 1035 460 whose

175 487 310 563 fraedom
335 488 362 545 is
386 487 549 546 threatened
576 487 613 562 by
635 507 656 545 a
675 488 890 546 miscellaneam
916 489 978 546 host
1005 488 1042 563 of

184 573 322 631 irauadm
341 573 434 630 article
452 573 479 631 r's
497 573 564 630 held
582 573 704 646 warato
724 573 761 648 by
770 575 844 650 seur
862 575 926 634 aad
945 585 1036 634 worm·

184 660 283 720 sorta
295 660 366 722 than
379 659 538 735 byfidala'ty
551 660 615 716 ared
625 659 761 736 affection.

205 780 312 838 XXX.
363 780 506 848 Quotiens
536 797 650 838 caussas
680 779 750 837 belli
777 785 808 836 et
833 781 1035 839 necessitatem

143 881 276 934 nostram
288 877 413 948 intueor,
427 893 551 951 magnus
569 875 643 932 mihi
664 875 779 932 animus
799 881 845 933 est
862 875 1036 934 hodiernum

143 974 224 1030 diem
247 990 477 1047 eonsensumque
503 976 634 1028 vestrum
659 971 781 1028 initium
806 971 950 1030 libertatis
978 975 1035 1030 toti

144 1069 319 1130 Britanniae
332 1068 401 1130 sore.
443 1067 523 1124 Nam
536 1072 567 1124 et
579 1066 876 1125 universiservitutis
889 1074 1032 1144 expertes,

144 1172 177 1224 et
200 1163 297 1222 nullae
321 1163 401 1222 ultra
427 1169 529 1235 terrae,
551 1181 585 1220 ao
605 1177 643 1218 ne
662 1181 742 1220 mare
762 1163 881 1238 quidem
902 1182 1036 1222 securum

145 1263 318 1320 imminente
331 1261 418 1318 nobis
431 1261 520 1318 elassa
534 1260 675 1318 Romana.
717 1260 769 1317 Ita
785 1261 928 1336 proelium
947 1268 1036 1338 atque

144 1377 235 1430 arma,
261 1376 335 1433 quae
362 1357 489 1414 fortibus
516 1355 646 1428 honesta,
676 1355 778 1414 eadem
805 1357 895 1414 etiam
922 1357 1036 1432 ignavis

145 1453 294 1510 tutissima
328 1458 405 1512 sunt
456 1451 574 1511 Priores
606 1470 729 1528 pugnae,
757 1453 864 1528 quibus
897 1453 1036 1510 adversus

146 1549 296 1606 Romanos
305 1549 387 1605 varia
396 1548 515 1604 fortuna
524 1552 668 1604 certatum
678 1552 730 1618 est,
742 1565 822 1622 spem
832 1566 865 1604 eo
875 1547 1036 1604 subsidium

146 1643 179 1700 in
200 1642 307 1698 nostris
327 1642 462 1698 manibus
481 1641 636 1713 habebant,
659 1641 730 1716 quia
750 1640 923 1697 nobilissimi
944 1641 1036 1698 totius

146 1737 327 1809 Britanniae,
343 1739 423 1814 iique
436 1738 468 1794 in
488 1736 559 1812 ipsis
578 1736 777 1812 penetralibus
794 1738 853 1808 siti,
877 1757 930 1794 nec
947 1739 1037 1794 servi-

145 1834 260 1891 entium
282 1833 369 1890 litora
390 1833 570 1908 aspicientes,
593 1831 692 1888 oeulos
718 1851 834 1907 quoque
856 1851 874 1888 a
898 1840 1035 1890 contactu

146 1929 353 1986 dominationis
366 1929 523 1986 inviolatos
540 1927 724 1985 habebamus.
766 1928 831 1984 Nos
846 1933 990 1984 terrarum
1003 1947 1037 1985 aa

146 2026 292 2082 libertatis
316 2036 462 2082 extremos
483 2043 611 2081 recessus
636 2024 699 2100 ipse
722 2043 755 2081 ao
776 2025 858 2082 sinus
885 2025 978 2081 famae
1004 2025 1034 2081 in

146 2121 225 2179 huno
245 2123 323 2180 diem
343 2122 480 2194 defendit,
495 2127 584 2196 atque
600 2140 686 2178 omne
701 2120 835 2197 ignotum
855 2139 908 2196 pro
927 2122 1036 2196 magui-

146 2221 201 2278 fioo
221 2229 272 2279 est
314 2221 372 2280 sed
385 2239 463 2277 nuno
477 2220 621 2276 terminus
634 2217 806 2276 Britanniae
819 2223 908 2294 patet.
944 2217 1037 2274 Nulla
1071 2239 1076 2246 ·

146 2319 207 2376 iam
219 2316 299 2374 ultra
311 2335 388 2391 gens,
403 2315 479 2372 nihil
492 2315 551 2372 nisi
569 2314 676 2372 fluetus
689 2324 719 2372 et
733 2333 811 2386 saxa,
827 2320 857 2370 et
874 2314 1037 2371 infestiores

147 2414 283 2484 Romani,
299 2431 423 2489 quorum
438 2412 603 2487 superbiam
620 2412 731 2469 frustra
744 2431 796 2487 per
813 2413 983 2488 obsequium
1003 2431 1037 2469 ao

146 2508 319 2565 modestiam
331 2507 474 2582 effugeris.
511 2506 656 2582 Raptores
669 2507 754 2578 orbis,
766 2515 918 2584 postquam
933 2515 1038 2564 cuneta

147 2604 331 2662 vastantibus
352 2604 469 2660 deluere
490 2607 593 2674 terrae,
616 2602 676 2660 iam
699 2608 730 2660 et
750 2622 830 2660 mare
849 2609 1036 2675 scrutantur;

148 2703 173 2760 si
193 2701 320 2778 locuples
333 2701 425 2759 hostis
439 2707 491 2771 est,
512 2701 602 2772 avari,
617 2700 643 2757 si
658 2719 776 2776 pauper,
791 2700 945 2771 ambitiosi,
964 2719 1042 2775 quos.

147 2817 208 2856 uon
230 2796 343 2868 Oriens,
367 2817 426 2854 non
454 2796 594 2854 Occidens
621 2796 779 2854 satiaverit
822 2795 883 2854 Soli
906 2797 1037 2853 omnium

147 2912 216 2968 opes
227 2899 314 2968 atque
324 2892 452 2967 inopiam
463 2891 527 2966 pari
540 2891 645 2948 affectu
656 2891 869 2966 concupiscunt
899 2891 1035 2961 Auferre,

148 2988 303 3060 trucidare,
318 3006 418 3063 rapere
431 2987 511 3044 falsis
524 2987 693 3044 nominibus
706 2986 869 3063 imperium,
884 2992 972 3062 atque
986 2987 1038 3043 ubi

148 3084 336 3143 solitudinem
349 3084 468 3153 faciunt,
485 3100 584 3158 paoem
597 3082 756 3158 appellant.

153 3241 157 3248 ,
208 3181 334 3240 XXXI.
367 3179 487 3238 Liberos
500 3179 606 3254 cuique
618 3198 651 3236 so
664 3179 842 3254 propinquos
855 3195 922 3234 suos
932 3181 1038 3232 natura

148 3279 308 3338 carissimos
321 3296 382 3335 esse
395 3275 499 3336 voluit.
541 3275 586 3333 Hi
604 3294 656 3352 per
669 3273 798 3332 delectus
811 3274 882 3332 alibi
900 3271 1038 3329 servituri

147 3377 339 3447 auferuntur3
371 3374 507 3449 coniuges
541 3389 717 3448 sororesque,
752 3370 867 3428 etiamsi
901 3365 1038 3424 hostilem

148 3475 300 3534 libidinem
314 3471 463 3548 effugiant,
477 3469 596 3528 nomine
611 3467 770 3526 amioomm
787 3473 876 3546 atque
889 3463 1038 3544 hospitum¹
