2432 3784
386 209 590 272 ianitori
618 208 867 268 XIII.-XVIL
1031 209 1067 266 1³

184 337 312 396 Bolanus
332 345 362 396 et
381 341 470 398 nullis
485 341 598 399 delictis
613 340 726 398 invisus
743 339 898 397 caritatem
915 345 1068 414 paraverat

182 435 245 492 loco
258 438 447 494 auctoritatis
476 473 479 478 ·

241 531 351 589 XVII.
394 533 450 590 Sed
470 535 522 591 ubi
540 553 607 591 cum
627 540 724 591 cetero
740 532 809 590 orbe
826 531 1026 608 Vespasianus
1039 537 1069 586 et

183 627 370 686 Britanniam
382 631 569 706 recuperavit,
580 629 679 706 magui
689 630 784 699 duces,
797 630 904 704 egregii
915 629 1069 694 exercitus,

182 725 298 780 minuta
323 725 451 782 bostium
477 745 549 801 spes
595 725 637 782 Et
663 731 804 782 terrorem
833 725 934 782 statim
965 723 1070 780 intulit

182 819 308 877 Petilius
322 821 450 894 Cerialis,
468 822 642 898 Brigantum
664 823 822 892 civitatem,
843 841 918 898 quae
935 839 1069 877 numero-

182 915 297 972 sissima
309 919 474 992 provinciae
487 921 578 976 totius
591 919 769 995 perhibetur,
785 939 941 994 aggressus
970 918 1069 975 Multa

181 1012 299 1085 proelia,
336 1019 367 1069 et
398 1014 555 1090 aliquando
588 1034 647 1072 nou
679 1017 833 1072 incruenta
839 1036 848 1088 3
876 1033 1069 1090 magnamque

182 1106 359 1182 Brigantum
384 1116 497 1184 partem
523 1117 576 1168 aut
598 1111 721 1168 victoria
753 1111 905 1186 amplexus
939 1116 983 1166 est
1016 1115 1069 1165 aut

181 1201 266 1260 bello.
309 1201 350 1259 Et
374 1204 494 1262 Cerialis
521 1207 639 1282 quidem
670 1208 789 1264 alterius
821 1207 991 1263 successoris
1018 1223 1069 1261 cu-

181 1315 245 1352 ram
264 1297 428 1376 famamque
448 1302 591 1359 obruisset
615 1302 665 1360 sed
685 1303 825 1360 sustinuit
841 1303 947 1359 molem
971 1301 1069 1360 Iulius

181 1393 350 1467 Frontinus,
361 1397 408 1453 vir
420 1417 550 1473 maguus,
560 1405 703 1474 quantum
713 1400 828 1466 licebat,
839 1399 1024 1474 validamque
1039 1406 1069 1457 et

180 1509 342 1566 pugnacem
358 1493 486 1550 Silurum
501 1500 619 1570 gentem
632 1496 720 1552 armis
733 1495 855 1569 subegit,
878 1514 964 1570 super
976 1495 1069 1552 virtu·

180 1593 242 1644 tem
256 1587 384 1645 hostium
397 1589 525 1646 locorum
538 1609 653 1666 quoque
667 1591 852 1648 difficultates
865 1590 1016 1648 eluctatus.

180 1721 372 1765 svnt—xxi.
394 1726 456 1765 111).
468 1709 583 1767 78.-s.
591 1727 618 1767 1).
632 1709 681 1769 79.
700 1707 842 1767 Sncoeasee
850 1711 1023 1784 ‹ffriym'colo
1035 1711 1069 1768 a'n

221 1793 347 1850 Britain.
389 1793 492 1868 Defcat
518 1795 556 1869 of
575 1795 618 1852 tle
647 1795 802 1853 Ordovices.
843 1795 949 1852 Attoolc
970 1817 1008 1853 on
1025 1797 1069 1854 tito

221 1879 321 1937 island
347 1879 386 1953 of
404 1880 503 1938 Mona.
547 1881 653 1939 Terror
681 1881 743 1938 and
770 1881 941 1939 submissiore
969 1883 1007 1954 (ff
1026 1883 1070 1940 tite

220 1966 346 2024 Britona
389 1967 572 2026 Moderation
597 1968 660 2025 ond
684 1969 781 2042 eqnity
794 1967 830 2040 os
845 1969 1006 2042 Ayricolo'e
1023 1989 1069 2043 po

220 2063 374 2111 ammonent.
403 2055 461 2112 His
469 2055 577 2128 reform
590 2055 628 2128 of
634 2055 739 2113 manea
770 2054 805 2110 H
803 2073 817 2111 e
828 2055 985 2113 establisbm
990 2057 1069 2128 forts

221 2139 283 2196 ond
296 2140 451 2213 amnena,
468 2142 531 2198 nid
546 2141 707 2198 introduces
719 2139 835 2198 Roman
852 2141 1038 2199 civilitation.

241 2242 368 2300 XVIIL
412 2243 502 2300 Hunc
524 2244 694 2300 Britanniae
714 2250 832 2314 statum,
854 2244 906 2300 has
926 2243 1070 2300 bellorum

179 2339 259 2394 vices
272 2339 369 2395 media
382 2339 440 2394 iam
454 2345 563 2395 aestate
579 2345 774 2414 transgressus
791 2338 931 2412 Agricola
945 2337 1068 2405 invenit,

180 2455 271 2511 quum
296 2440 327 2492 et
350 2435 458 2491 milites
481 2435 562 2492 velut
581 2435 687 2491 omissa
707 2434 893 2510 expeditione
911 2434 948 2489 ad
967 2433 1071 2490 securi-

179 2537 283 2602 tatem,
309 2535 340 2586 et
365 2529 462 2585 hostes
487 2530 525 2586 ad
551 2531 728 2588 occasionem
751 2534 942 2586 verterentur.
980 2527 1070 2584 Ordo

179 2629 280 2684 vicum
294 2629 397 2684 civitas
411 2627 489 2684 haud
503 2627 596 2684 multo
609 2633 678 2684 ante
691 2627 850 2683 adventum
866 2626 928 2681 eius
944 2625 1020 2680 alam
1038 2625 1069 2679 iu

180 2725 289 2780 finibus
316 2725 376 2780 suis
408 2731 542 2798 agentem
575 2741 664 2798 prope
700 2723 865 2778 universam
903 2720 1068 2789 obtriverat,

181 2837 274 2893 eoque
287 2817 374 2873 initio
388 2821 482 2872 erecta
495 2817 658 2892 provincia;
678 2821 709 2873 et
723 2815 830 2890 quibus
846 2815 955 2870 bellum
973 2813 1071 2869 voleu-

181 2913 264 2971 tibus
296 2919 367 2983 erat,
400 2913 521 2986 probare
552 2913 725 2988 exemplum,
760 2928 793 2966 ec
825 2910 949 2966 recentis
982 2908 1071 2982 legati

181 3009 313 3065 animum
335 3006 469 3081 opperiri,
494 3027 586 3082 quum
609 3005 755 3080 Agricola,
780 3021 957 3077 quamquam
979 3006 1071 3056 trans·

182 3111 266 3160 vecta
280 3108 381 3169 aestas,
396 3103 487 3174 sparsi
501 3121 553 3177 per
562 3101 741 3176 provinciam
754 3098 876 3166 numeri,
888 3101 1073 3171 praesumpta

182 3199 262 3274 apud
288 3197 414 3254 militem
439 3195 518 3253 illius
545 3197 615 3253 anni
642 3196 731 3270 quiae,
759 3192 845 3248 tarda
871 3197 902 3247 et
928 3191 1073 3246 contraria
1186 3267 1187 3282 χ

182 3294 293 3350 bellum
321 3290 499 3361 inchoaturo,
531 3297 562 3348 et
591 3291 735 3364 plerisque
766 3285 905 3341 custodiri
940 3291 1072 3358 suspecta
1183 3343 1186 3394 j

183 3388 282 3464 potius
304 3383 467 3452 videbatur,
492 3387 535 3442 ire
556 3383 671 3440 obviem
689 3379 850 3437 discrimini
867 3379 972 3435 statuit
977 3398 987 3450 3
1008 3397 1073 3435 con·
1182 3407 1185 3460 p
