2446 3784
173 217 212 274 24
431 215 635 276 CORNELII
659 216 803 278 riola]

171 347 269 405 nobile
287 347 461 406 Marobodui
481 356 511 407 et
531 349 623 407 Tudri
642 369 740 426 genus
783 349 849 408 Iam
870 355 900 408 et
922 357 1061 409 externos

172 445 342 519 patiuntur3
362 445 413 502 sed
432 445 524 502 viset
541 447 674 521 potentia
691 446 808 521 regibus
827 465 866 504 ex
884 448 1060 506 auctoritate

174 541 312 597 Romana
360 539 439 597 Raro
465 541 553 598 armis
579 543 696 613 nostris,
725 542 838 617 saepius
864 543 988 618 pecunia
1015 544 1061 600 iu·

172 642 288 706 vantur,
302 654 356 693 nec
369 635 466 693 minus
480 638 587 696 valent.

205 758 208 764 ·
232 729 356 788 XLIII.
398 730 490 788 Retro
504 731 655 808 Marsigni,
671 730 804 806 Gothini,
818 733 877 807 Osi,
893 734 966 792 Buri
978 739 1062 811 terga

174 829 427 886 Marcomanorum
455 829 680 905 Quadorumque
709 829 858 888 claudunt.
900 830 926 888 E
956 832 1062 908 quibus

174 924 319 1000 Marsigni
338 930 369 981 et
390 923 463 981 Buri
481 943 612 982 sermone
628 925 768 1001 cultuque
786 925 896 984 Suevos
911 926 1060 998 referunt;

175 1020 319 1078 Gothiuoe
333 1020 452 1090 Gallica,
468 1020 540 1077 Osos
554 1019 723 1078 Pannonica
738 1021 839 1098 lingua
855 1022 986 1098 coarguit
1002 1041 1063 1079 non

175 1138 235 1176 esse
260 1117 427 1186 Germanos,
451 1125 482 1174 et
508 1117 586 1193 quod
608 1118 720 1175 tributa
746 1119 907 1194 patiuntur.
942 1118 1063 1176 Partem

177 1217 352 1272 tributorum
393 1215 551 1285 Sarmatae,
579 1221 693 1290 partem
716 1214 814 1283 Quadi
836 1220 872 1272 ut
892 1215 1063 1290 alienigenis

176 1312 338 1386 imponunt.
392 1309 522 1381 (tatuini,
554 1328 612 1384 quo
639 1309 731 1383 magis
755 1309 870 1384 pudeat,
896 1314 928 1365 et
953 1309 1063 1366 ferrum

176 1404 324 1476 effodiunt,
355 1421 511 1478 omnesque
541 1402 574 1458 hi
602 1401 703 1478 populi
730 1421 821 1478 pauca
847 1403 1061 1479 campestrium,

176 1507 304 1558 ceterum
322 1499 413 1556 saltus
431 1504 462 1556 et
479 1499 601 1556 vertices
619 1499 764 1556 montium
777 1499 936 1576 iugumque
953 1499 1063 1556 insede-

177 1605 254 1657 runt.
297 1597 420 1656 Dirimit
442 1598 520 1654 enim
543 1596 707 1672 scinditque
731 1595 868 1653 Sueviam
891 1595 1064 1655 continuum

177 1695 319 1750 montium
337 1695 446 1768 iugum,
471 1692 551 1748 ultra
571 1693 648 1768 quod
672 1691 815 1768 plurimae
835 1699 936 1767 gentes
962 1698 1060 1768 agunt.

177 1790 224 1845 Ex
245 1790 349 1866 quibus
370 1788 511 1845 latissime
528 1793 610 1864 patet
628 1787 779 1863 Ligiorum
800 1805 905 1845 nomen
920 1787 953 1844 in
966 1788 1063 1864 plures

177 1885 310 1942 civitates
323 1885 468 1941 diffusum
517 1883 743 1940 Valentissimas
756 1882 919 1940 nominasse
932 1883 1062 1954 sufficiet,

179 1983 295 2052 Herios,
341 1983 532 2052 Helveconas,
572 1981 726 2052 Manimos
766 1980 878 2051 Elisios,
911 1980 1064 2037 Nahanar-

179 2077 265 2136 valos.
304 2077 396 2153 Apud
416 2076 636 2134 Nahanarvalos
659 2074 797 2151 antiquae
818 2074 963 2152 religionis
980 2074 1064 2131 lucus

72 2233 75 2240 ,
178 2173 350 2230 ostenditur.
407 2171 558 2229 Praesidet
593 2171 723 2228 sacerdos
762 2171 898 2228 muliebri
938 2176 1043 2228 ornatu
1055 2191 1062 2242 ;

178 2268 228 2325 sed
255 2269 322 2325 deos
348 2267 590 2344 interpretatione
619 2267 753 2324 Romana
787 2265 936 2323 Castorem
967 2265 1089 2327 Pollu.

178 2383 297 2440 cemque
329 2371 506 2435 memorant5
537 2383 572 2420 ea
607 2363 652 2419 vis
680 2361 804 2432 numini,
835 2381 941 2418 nomen
971 2361 1062 2418 Alcis,

178 2461 271 2518 Nulla
303 2459 465 2532 simulacra,
500 2459 616 2515 nullum
649 2458 816 2535 peregrinae
850 2456 1066 2533 superstitionis

180 2558 335 2633 vestigium
341 2577 350 2630 ;
370 2562 405 2613 ut
427 2557 532 2614 fratres
556 2562 662 2626 tamen,
685 2560 719 2612 ut
739 2556 859 2612 iuvenes
878 2562 1062 2612 venerantur.

180 2654 317 2711 Oeterum
338 2653 427 2710 Harii
445 2671 531 2729 super
549 2653 633 2725 vires,
654 2652 759 2728 quibus
778 2656 960 2708 enumeratos
977 2650 1065 2725 paulo

179 2755 247 2806 ante
268 2749 389 2826 populos
412 2749 595 2818 antecedunt,
618 2755 715 2804 truces
742 2747 845 2804 insitae
866 2746 978 2804 feritati
1001 2751 1065 2803 arte

179 2866 212 2904 ac
226 2856 355 2923 tempore
368 2846 578 2905 lenocinantur.
611 2845 706 2921 Nigra
721 2851 811 2916 scuta,
822 2845 916 2902 tincta
930 2863 1063 2920 corpora3

179 2953 258 3001 atras
283 2944 321 3002 ad
350 2943 459 3020 proelia
490 2949 588 3000 noctes
619 2943 729 3019 legunt,
759 2942 880 3018 ipsaque
909 2942 1066 3000 formidine

179 3049 268 3115 atque
282 3041 385 3098 umbra
397 3039 495 3098 feralis
512 3039 656 3096 exercitus
671 3045 811 3098 terrorem
827 3039 965 3110 inierunt,
983 3038 1067 3096 nullo

179 3140 307 3196 hostium
317 3139 480 3196 sustinente
489 3138 734 3196 novumacvelut
743 3137 890 3195 infernum
900 3144 1049 3214 aspectum
1056 3159 1065 3210 ;

180 3257 248 3294 uam
261 3237 349 3314 primi
361 3237 394 3294 in
407 3237 543 3294 omnibus
555 3237 672 3312 proeliis
686 3237 763 3294 oculi
775 3237 942 3294 vincuntur.
973 3235 1066 3294 Trans

180 3331 278 3408 Ligios
292 3331 442 3390 Gethones
455 3339 622 3409 regnantur,
636 3333 724 3409 paulo
739 3332 798 3390 iam
811 3332 964 3390 adductius
977 3351 1066 3407 quam

180 3435 290 3486 ceterae
318 3429 530 3489 Germanorum
556 3435 665 3507 gentes,
693 3430 823 3488 nondum
849 3436 949 3488 tamen
978 3449 1067 3506 supra
