2432 3784
423 258 621 322 Analecta
649 258 809 320 X.—XII.
1045 258 1062 314 9

177 395 263 451 mido.
305 393 378 450 Plus
400 397 501 450 tamen
524 390 647 448 ferociae
670 388 810 446 Britanni
831 387 1008 463 praeferunt,
1029 401 1065 448 ut

176 508 249 566 qnos
262 489 393 546 nondum
409 489 496 564 longa
508 505 567 563 pax
585 477 748 543 emollierit
790 484 870 542 Nam
884 484 983 541 Gallos
997 503 1065 558 quo

175 605 235 662 que
256 587 290 643 in
311 585 394 642 bellis
415 586 545 642 floruisse
565 585 747 660 accepimus3
768 605 839 642 mox
855 586 980 662 segnitia
999 605 1065 643 cnm

177 683 239 738 otio
270 683 403 754 intravit,
438 683 545 739 amissa
571 682 685 740 virtute
714 683 825 758 pariter
851 701 885 738 aa
919 683 1063 740 libertate.

179 778 266 847 Quod
279 778 491 836 Britannorum
504 779 575 836 olim
588 779 675 838 victis
692 782 791 838 evenit
801 801 810 854 3
831 782 919 838 ceteri
937 789 1064 851 manent,

177 875 278 952 quales
291 875 369 933 Galli
382 875 508 934 fuerunt

243 971 321 1030 XII.
354 971 393 1028 In
406 973 503 1048 pedite
513 973 620 1045 robur,
642 974 785 1049 quaedam
794 975 927 1032 nationes
937 979 967 1030 et
980 993 1067 1032 curru

178 1068 377 1144 proeliantur;
406 1068 554 1124 honestior
584 1069 692 1144 auriga,
720 1069 841 1126 clientes
870 1078 1063 1146 propugnant.

180 1164 260 1220 Olim
279 1165 394 1239 regibus
414 1165 562 1240 parebant,
577 1182 655 1220 nunc
668 1183 720 1238 per
735 1165 880 1240 principes
893 1167 1068 1223 factionibus

179 1266 212 1316 ot
231 1259 335 1315 studiis
355 1259 521 1330 trahuntur,
541 1278 595 1316 nec
616 1260 698 1316 aliud
719 1260 857 1317 adversus
877 1261 1068 1318 validissimas

181 1363 281 1436 gentes
302 1377 355 1435 pro
375 1359 459 1416 nobis
471 1358 575 1416 utilius
589 1377 678 1435 quam
696 1358 773 1435 qnod
792 1359 825 1416 in
843 1377 996 1418 commune
1008 1379 1068 1418 non

181 1457 344 1516 consulunt.
396 1455 494 1512 Rarus
517 1457 629 1512 duabus
655 1457 808 1532 tribusque
834 1457 1005 1514 civitatibus
1031 1457 1069 1513 ad

182 1552 409 1628 propulsandum
441 1569 593 1608 commune
626 1552 788 1626 pericnlum
817 1558 996 1624 conventus3
1026 1552 1070 1608 ita

183 1649 291 1724 singuli
306 1653 447 1724 pugnant,
468 1647 599 1704 universi
615 1649 782 1704 vincuntur.
826 1647 946 1704 Ocelum
962 1647 1069 1704 crebris

183 1745 325 1802 imbribus
338 1764 372 1801 ac
385 1744 500 1801 nebulis
518 1744 654 1816 foedum3
673 1744 812 1820 asperitas
824 1745 966 1819 frigorum
978 1745 1067 1802 abest

184 1841 308 1898 Dierum
321 1841 415 1915 spatia
426 1839 506 1896 ultra
519 1841 612 1896 nostri
625 1840 704 1897 orbis
716 1859 882 1896 mensuram
889 1859 897 1911 ;
919 1858 979 1895 nox
993 1839 1070 1896 clara

184 1944 215 1992 et
235 1942 366 1994 extrema
390 1935 561 1992 Britanniae
583 1943 666 2012 parte
690 1936 793 2005 brevis,
818 1941 854 1992 ut
873 1935 962 1992 finem
983 1942 1071 2012 atque

141 2045 143 2048 ·
183 2032 303 2088 initium
316 2032 390 2088 lueis
408 2032 513 2106 exigno
532 2031 699 2089 discrimine
716 2033 901 2092 internosces.
943 2015 1029 2102 Quod
1047 2035 1071 2090 si

184 2129 277 2186 nubes
297 2149 358 2186 non
378 2128 513 2199 officiant,
528 2130 618 2204 aspici
630 2149 684 2205 per
701 2135 816 2186 noctem
834 2130 901 2186 solis
919 2130 1069 2205 fulgorem,

184 2245 239 2282 nec
252 2227 379 2284 occidere
393 2233 422 2284 et
436 2247 592 2303 exsurgere
605 2229 654 2285 sed
673 2229 798 2284 transire
816 2229 969 2286 affirmant.
1012 2227 1071 2284 Sci-

185 2325 255 2380 licet
275 2330 406 2381 extrema
429 2331 460 2382 et
481 2325 569 2400 plana
589 2329 735 2381 terrarum
758 2325 864 2381 humili
887 2325 992 2380 umbra
1012 2343 1072 2380 non

186 2420 303 2494 erigomt
316 2421 457 2492 tenebras,
471 2420 606 2496 infraque
619 2420 732 2476 coelum
750 2426 781 2476 et
798 2421 891 2477 sidera
907 2439 968 2476 nox
984 2421 1070 2479 cadit.

187 2514 295 2586 Solum,
309 2522 425 2590 praeter
446 2516 539 2573 oleam
560 2516 710 2591 vitemque
730 2523 760 2572 et
778 2523 873 2574 cetera
889 2517 1073 2574 calidioribus

185 2612 272 2668 terris
293 2612 364 2668 oriri
385 2619 475 2684 sueta,
498 2615 613 2688 patiens
633 2613 759 2688 frugum,
785 2615 961 2688 fecrmdum5
989 2617 1074 2674 tarde

187 2706 352 2778 mitescunt,
380 2707 439 2764 cito
465 2707 650 2782 proveniunt,
676 2708 834 2784 eademque
856 2711 1008 2784 utriusque
1031 2710 1074 2766 rei
1168 2740 1173 2753 ·

187 2820 293 2873 caussa,
316 2802 427 2859 multus
444 2802 550 2860 humor
570 2807 716 2858 terrarum
737 2804 873 2878 coelique
917 2803 988 2861 Fert
1009 2803 1073 2861 Bri-

185 2901 289 2956 tannia
309 2919 414 2956 aurum
439 2905 469 2957 et
490 2905 643 2976 argentum
665 2906 696 2956 et
719 2899 777 2956 alia
797 2901 923 2973 metalla,
946 2901 1074 2976 pretinm

186 2994 332 3052 victoriae
376 2993 479 3068 Gignit
496 3001 526 3051 et
547 3013 670 3050 oceanus
686 2995 852 3068 margarita,
870 2995 920 3052 sed
942 2995 1075 3052 subfusca

186 3107 221 3145 aa
246 3089 376 3148 liventia
418 3089 544 3158 Quidam
571 3095 665 3146 artem
692 3090 790 3146 abesse
810 3091 974 3165 legentibus
1000 3090 1075 3146 arbi·

188 3191 325 3258 trantur3
346 3203 415 3241 nam
436 3184 468 3241 in
489 3186 579 3241 rubro
601 3185 676 3240 mari
696 3185 764 3240 viva
785 3203 818 3240 ae
839 3185 981 3260 spirantia
998 3188 1075 3242 saxis

183 3281 284 3351 avelli,
299 3280 331 3336 in
350 3279 514 3352 Britannia,
529 3286 618 3354 prout
637 3279 761 3356 expulsa
777 3280 846 3350 sint,
865 3280 968 3356 colligi
1012 3281 1075 3358 Ego

189 3377 303 3434 facilins
324 3375 495 3432 crediderim
516 3381 652 3432 naturam
674 3375 840 3450 margaritis
866 3375 965 3432 deesse
988 3397 1074 3452 quam

190 3471 273 3528 nobie
286 3470 446 3528 avaritiam.
