2446 3784
176 263 213 322 12
434 257 639 320 CORNELII
663 257 808 318 raom

174 389 288 446 Accisis
308 389 445 460 crinibus,
460 389 611 461 nudatam,
633 408 730 448 coram
749 389 922 465 propinquis
943 389 1068 465 expellit

174 485 260 542 domo
270 487 508 561 maritus,acper
517 505 634 544 omnem
644 487 742 544 vicum
751 487 870 544 verbere
878 487 947 562 agit.
989 485 1069 542 Pub-

173 580 278 638 licatae
295 582 374 638 enim
388 581 549 656 pudicitiae
568 581 651 638 nulla
667 583 776 654 venia3
805 601 865 638 non
884 581 986 665 forma,
1007 599 1069 638 non

175 683 280 748 aetate,
298 696 359 734 non
386 677 489 753 opibus
510 679 651 736 maritum
671 678 825 736 invenerit.
869 677 965 736 Nemo
989 677 1069 734 enim

175 773 236 830 illic
250 773 324 830 vitia
337 774 421 845 ridet,
441 793 496 832 nec
515 793 701 849 corrumpere
721 780 752 832 et
772 774 918 848 corrumpi
938 772 1070 830 seculum

176 877 304 930 vocatur.
347 871 458 930 Melius
477 873 597 947 quidem
617 873 713 930 adhuc
734 891 784 930 eae
804 872 946 943 civitates,
961 871 994 926 in
1006 869 1071 946 qui-

176 971 231 1026 bus
258 976 377 1027 tantum
402 969 531 1046 virgines
557 970 684 1041 nubunt,
713 974 744 1026 et
770 987 837 1025 cum
865 985 915 1044 spe
941 971 1071 1041 votoque

177 1068 278 1124 uxoris
297 1067 386 1124 semel
405 1067 588 1142 transigitur.
629 1065 676 1124 Sic
696 1085 790 1122 unum
813 1065 963 1140 accipiunt
983 1062 1071 1120 mari·

176 1168 249 1233 tum,
265 1163 409 1238 quomodo
423 1183 515 1220 unum
536 1181 639 1238 corpus
660 1181 808 1238 unamque
827 1163 929 1233 vitam
951 1181 989 1218 ne
1009 1161 1072 1218 ulls

178 1257 316 1332 cogitatio
330 1259 417 1329 ultra,
432 1278 471 1316 ne
483 1259 597 1334 longior
610 1259 763 1335 cupiditas,
784 1278 824 1316 ne
842 1265 995 1334 tamquam
1009 1277 1072 1314 ma-

178 1353 277 1424 ritum,
290 1354 341 1412 scd
353 1359 504 1430 tamquam
517 1357 738 1414 matrimonium
751 1361 859 1415 ament
902 1356 1070 1414 Numerum

178 1450 337 1508 liberorum
363 1452 448 1508 finire
475 1457 528 1510 aut
555 1471 733 1528 quemquam
761 1472 799 1510 ex
826 1452 941 1528 agnatis
967 1470 1072 1510 necare

178 1547 323 1624 flagitium
336 1547 470 1620 habetur,
485 1549 608 1624 plusque
622 1549 664 1606 ibi
677 1549 747 1606 boni
760 1567 855 1606 mores
868 1548 970 1606 valent
982 1566 1073 1623 quam

179 1643 249 1702 alibi
263 1644 355 1702 bonae
368 1644 453 1720 leges

238 1739 312 1796 XX.
355 1740 394 1798 In
407 1741 489 1800 omni
502 1741 587 1802 domo
601 1741 674 1799 nudi
689 1761 723 1799 ac
736 1741 845 1799 sordidi
858 1742 890 1799 in
908 1741 960 1799 hos
981 1746 1071 1813 artus,

180 1837 212 1894 in
238 1835 309 1894 haec
336 1856 463 1914 corpora,
492 1857 567 1913 quas
594 1839 744 1910 miramur,
773 1848 955 1896 excrescunt
1012 1836 1074 1895 Sua

181 1951 325 2009 quemque
339 1940 433 1992 mater
445 1935 585 1994 uberibus
598 1936 660 2004 alit,
675 1955 728 1994 nec
744 1935 859 1993 ancillis
879 1941 933 1992 aut
952 1935 1074 1992 nutrici-

180 2029 234 2086 bus
257 2030 437 2105 delegantur.
481 2031 641 2090 Dominum
665 2051 700 2089 ac
723 2050 841 2088 servum
862 2032 952 2090 nullis
971 2032 1074 2090 educa

179 2126 269 2184 tionis
283 2126 394 2184 deliciis
407 2128 557 2203 dignoscas
565 2146 576 2200 ;
595 2128 674 2185 inter
687 2127 787 2184 eadem
801 2146 910 2203 pecora,
925 2128 959 2184 in
972 2126 1073 2184 cadem

180 2221 269 2280 humo
297 2224 417 2298 degunt,
444 2225 535 2282 donec
561 2231 641 2282 aetas
667 2229 781 2299 separet
803 2225 954 2298 ingenuos,
976 2223 1074 2280 virtus

180 2325 324 2393 agnoscat
368 2319 439 2376 Sera
451 2320 593 2378 iuvenum
606 2338 707 2392 venus,
723 2339 815 2396 eoque
834 2321 1010 2380 inexhausta
1022 2341 1075 2397 pu-

181 2413 286 2472 bertas
336 2414 401 2472 Nec
427 2415 557 2490 virgines
583 2416 763 2474 festinantur
774 2437 784 2490 3
815 2417 916 2474 eadem
942 2417 1071 2490 iuventa,

182 2510 285 2566 similis
306 2512 485 2585 proceritas3
506 2531 589 2588 pares
608 2512 779 2588 validaeque
793 2513 960 2583 miscentur,
976 2531 1009 2568 ac
1029 2531 1074 2569 ro

181 2607 252 2664 bora
275 2613 431 2682 parentum
451 2608 538 2666 liberi
558 2609 697 2668 referunt
741 2610 879 2670 Sororum
903 2610 972 2666 filiis
995 2610 1075 2666 idem

182 2703 260 2778 apud
281 2705 467 2777 avunculum,
493 2707 545 2783 qui
568 2707 648 2783 apud
669 2711 783 2782 patrem
804 2705 903 2762 honor.
947 2705 1074 2774 Quidam

183 2800 356 2858 sanctiorem
377 2803 573 2879 artioremque
594 2803 673 2882 bunc
695 2821 805 2860 nexum
827 2802 977 2878 sanguinis
998 2802 1076 2858 arbi·

183 2902 310 2971 trantur,
339 2905 370 2955 et
395 2900 428 2956 in
453 2900 628 2975 accipiendis
651 2899 800 2956 obsidibus
823 2899 915 2974 magis
938 2899 1072 2974 exigunt,

183 3000 334 3070 tamquam
348 3002 378 3052 et
391 2995 522 3053 animum
536 2997 649 3054 firmius
662 3003 693 3054 et
706 2997 824 3054 domum
838 2998 927 3058 latius
943 3005 1073 3057 teneant.

184 3089 317 3147 Heredes
344 3098 443 3148 tamen
470 3111 702 3168 successoresque
726 3095 770 3152 sui
796 3092 902 3171 cuique
925 3095 1020 3168 liberi,
1044 3101 1076 3152 et

183 3185 301 3244 nullum
324 3192 541 3246 testamentum
583 3187 616 3246 si
635 3188 722 3246 liberi
741 3208 802 3246 non
822 3195 901 3262 sunt,
923 3192 1076 3268 proximus

184 3283 291 3358 gradus
303 3281 336 3338 in
349 3283 526 3357 possessione
535 3283 647 3352 fratres,
656 3284 764 3359 patrui,
774 3286 919 3344 avunculi.
955 3287 1076 3356 Quanto

184 3381 251 3457 plus
265 3381 572 3460 propinquorumque
584 3381 678 3440 maior
687 3381 819 3439 affinium
831 3401 979 3454 numerus,
989 3389 1076 3440 tanto

184 3477 338 3555 gratiosior
350 3486 490 3550 senectus,
504 3497 558 3538 nec
571 3477 632 3536 ulla
645 3476 780 3536 orbitatis
793 3478 897 3554 pretia.
