2432 3784
167 238 206 298 30
393 239 396 250 ⁴
427 235 631 297 CORNELII
657 235 804 296 raom

167 387 234 426 oum
248 366 353 438 amissi,
371 371 417 424 tot
436 367 577 424 militares
597 367 655 423 viri
674 385 741 422 cum
760 371 806 422 tot
826 365 992 422 cohortibus
1010 384 1061 422 ex-

167 463 291 539 pugnati
310 468 341 519 et
361 463 439 538 capti
449 483 458 536 3
477 482 531 521 nec
548 463 608 520 iam
629 463 665 518 de
686 462 781 518 limite
804 461 919 538 imperii
937 467 968 518 εὴ
986 462 1060 537 ripa,

168 559 219 616 sed
246 559 281 614 de
303 558 432 616 hibernis
454 557 601 633 legionum
623 564 653 614 et
679 557 857 633 possessione
880 557 1059 613 dubitatum.

169 653 219 710 Ita
236 672 302 709 cum
323 653 430 710 damna
451 653 564 709 damnis
588 653 836 723 continuarentur,
859 657 947 726 atque
967 650 1062 722 omnis

167 768 263 806 annus
286 750 438 806 funeribus
461 755 493 806 et
519 749 649 806 cladibus
671 750 866 824 insigniretur,
890 749 1062 824 poscebatur

169 863 219 902 ore
248 844 328 920 vulgi
352 844 413 900 dux
440 844 588 920 Agricola,
618 845 852 920 comparantibus
881 846 992 900 cunctis
1019 846 1061 900 vi-

169 961 268 1017 gorem
292 949 322 998 et
351 943 546 998 constantiam
576 947 607 998 et
635 947 789 1016 expertum
817 942 902 999 bellis
931 943 1062 998 animum

149 1059 237 1114 ,cum
265 1040 373 1096 inertia
400 1045 430 1095 et
456 1039 611 1096 formidine
638 1044 806 1096 ceterorum.
868 1037 980 1107 Quibus
1006 1055 1072 1094 ser:

169 1135 305 1192 monibus
325 1135 396 1192 satis
423 1140 536 1192 constat
563 1134 728 1191 Domitiani
754 1154 868 1210 quoque
890 1153 974 1192 aures
1000 1154 1062 1190 ver·

170 1232 291 1303 berataS,
321 1232 392 1287 dum
419 1232 547 1306 optimus
573 1231 696 1306 quisque
720 1231 892 1288 libertorum
912 1250 1009 1288 amore
1032 1237 1062 1286 et

167 1330 235 1400 fide,
261 1329 379 1404 pessimi
400 1328 583 1403 malignitate
605 1335 635 1384 et
657 1329 748 1386 livore
769 1347 894 1403 pronum
915 1326 1062 1382 deteriori-

170 1427 225 1483 bus
242 1426 402 1502 principem
416 1426 649 1484 exstimulabant.
692 1426 740 1483 Sic
751 1425 889 1502 Agricola
901 1424 988 1481 simul
1002 1425 1062 1480 suis

170 1523 339 1593 virtutibus,
368 1521 456 1578 simul
485 1521 566 1578 vitiis
597 1522 722 1578 aliorum
754 1521 787 1576 in
817 1521 910 1596 ipsam
939 1519 1062 1594 gloriam

170 1635 305 1694 praeceps
319 1617 466 1692 agebatur.

232 1713 334 1772 XLIL
391 1712 506 1768 Aderat
532 1712 591 1768 iam
617 1730 720 1784 annus,
745 1729 803 1786 quo
826 1709 1061 1786 proconsulatum

171 1808 262 1866 Asiae
289 1814 320 1864 et
342 1807 462 1864 Africae
488 1761 650 1872 sistitur,
678 1812 708 1862 et
734 1806 825 1862 occiso
850 1805 949 1862 Civica
970 1825 1063 1880 nuper

171 1925 225 1962 nec
245 1904 400 1980 Agricolae
418 1903 571 1960 consilium
588 1903 687 1960 deerat
704 1919 757 1958 nec
776 1901 945 1958 Domitiano
967 1921 1061 1958 exem-

172 2002 261 2078 plum.
304 2003 459 2058 Accessere
482 2000 601 2075 quidam
624 1998 834 2074 cogitationum
856 1997 994 2072 principis
1015 2016 1062 2072 pa

169 2098 231 2168 riti,
247 2096 299 2172 qui
311 2096 444 2151 iturusne
457 2102 532 2150 esset
552 2093 585 2149 in
604 2092 783 2168 provinciam
802 2092 881 2148 ultro
895 2092 1062 2167 Agricolam

171 2192 392 2266 interrogarent.
434 2191 481 2246 Ac
498 2190 592 2265 primo
612 2189 753 2246 occultius
773 2189 901 2265 quietem
920 2196 950 2246 et
970 2191 1060 2246 otium

172 2289 298 2360 laudare,
328 2307 399 2344 mox
426 2305 542 2362 operam
569 2305 651 2342 suam
677 2286 710 2342 in
736 2286 921 2362 approbanda
948 2305 1063 2344 excusa·

172 2385 253 2441 tione
279 2384 400 2454 offerre3
426 2386 571 2457 postremo
598 2399 658 2436 non
684 2381 743 2437 iam
770 2381 884 2438 obscuri
910 2383 1063 2438 suadentes

173 2478 260 2536 simul
282 2483 482 2551 terrentesque
500 2483 669 2552 pertraxere
692 2477 729 2532 ad
751 2475 960 2533 Domitianum.
1004 2478 1063 2546 Qui

170 2580 292 2650 paratus
318 2572 512 2643 simulatione,
541 2572 574 2627 in
605 2573 799 2647 arrogantiam
831 2573 1007 2648 compositus
1033 2581 1063 2631 et

173 2669 268 2726 audiit
302 2687 400 2743 preces
434 2667 606 2738 excusantis,
643 2674 674 2723 et
700 2686 792 2742 quum
831 2669 987 2740 annuisset,
1016 2671 1063 2745 agi

174 2765 229 2822 sibi
250 2765 358 2840 gratias
378 2782 481 2840 passus
501 2770 554 2834 est,
577 2781 631 2819 neo
651 2763 770 2818 erubuit
789 2763 922 2820 beneficii
942 2764 1061 2821 invidia

174 2863 318 2920 Salarium
341 2868 448 2932 tamen,
471 2859 670 2936 proconsulari
690 2860 809 2916 solitum
833 2860 931 2918 offerri
950 2867 981 2918 et
1000 2861 1063 2936 qui·

174 2959 296 3016 busdam
323 2977 341 3015 a
367 2976 397 3014 se
418 2959 482 3033 ipso
506 2975 680 3027 conoessum,
704 2955 859 3030 Agricolae
885 2975 945 3013 non
972 2956 1060 3026 dedit,

174 3054 235 3110 sive
262 3053 390 3108 offensus
418 3070 478 3107 non
508 3051 643 3126 petitum,
672 3051 733 3108 sive
755 3070 792 3108 ex
811 3053 994 3123 conscientia,
1016 3070 1060 3120 ne,

173 3149 251 3225 quod
273 3153 415 3219 vetuerat,
438 3147 587 3204 videretur
608 3147 716 3204 emisse.
763 3147 919 3223 Proprium
942 3148 1063 3204 humani

174 3245 285 3320 ingenii
311 3250 356 3300 est
385 3243 487 3314 odisse,
511 3261 598 3318 quem
627 3243 744 3300 laeseris
755 3260 765 3314 3
802 3241 967 3309 Domitiani
994 3261 1063 3300 vero

173 3351 287 3415 natura,
309 3361 444 3420 praeceps
457 3342 489 3398 in
509 3342 589 3414 nam,
610 3348 640 3399 et
660 3363 717 3419 quo
737 3342 885 3400 obscurior
904 3359 939 3400 eo
957 3342 1063 3400 irrevo-

170 3440 303 3508 cabilior,
327 3439 525 3508 moderatione
551 3445 650 3496 tamen
676 3439 888 3516 prudentiaque
909 3439 1063 3515 Agricolae
