2432 3784
185 215 221 272 ra
444 185 650 286 aarum
676 223 818 284 rnorrr

222 369 341 424 prepara
353 349 476 408 laoweoer
488 360 516 408 to
525 371 618 410 renero
631 360 676 410 tte
685 353 805 428 aonfliei.
834 353 957 429 Straope
970 355 1072 414 odona

223 446 300 493 lares
313 435 351 510 os
357 456 377 493 a
396 436 522 511 Usipian
536 439 637 496 colora
671 441 809 514 Agricola
822 442 962 499 odouacer
976 443 1073 517 assur

223 542 257 584 aa
277 523 320 580 llic
338 522 501 598 Granepiaa
514 526 689 597 awaaiaiaa,
705 527 795 586 wlaere
811 527 844 585 lae
864 528 891 585 ia
908 537 964 585 met
977 529 1013 604 by
1027 531 1071 587 tle

223 609 478 684 assenabledforcea
491 609 528 684 os
537 611 580 668 ilie
595 610 786 670 Caledoniam
799 615 892 672 arrdar
907 614 1056 690 Gulpacaa.

244 730 348 792 XXV.
391 732 527 790 Ceterum
537 738 655 803 aestate,
667 740 850 809 quasextum
866 736 951 792 officii
961 755 1072 793 annum

183 831 346 902 inchoabat,
372 831 523 905 amplexus
545 829 679 887 civitates
700 841 782 887 trans
799 831 970 890 Bodotriam
991 833 1070 904 sitas,

182 929 252 1004 quia
279 936 376 986 motus
402 929 606 984 universarum
632 928 711 984 ultra
742 929 873 1003 gentium
907 936 938 986 et
966 930 1072 988 infesta

183 1026 297 1083 hostilis
311 1026 469 1083 ¹exercitus
495 1025 602 1082 itinera
633 1025 822 1093 timebantur,
857 1033 957 1101 portus
983 1027 1071 1084 classe

183 1124 354 1200 exploravit.
398 1122 480 1190 Quae
501 1122 538 1179 ab
561 1121 701 1196 Agricola
720 1123 848 1198 primum
869 1130 1018 1200 assumpta
1040 1125 1071 1182 in

183 1229 296 1297 partem
310 1219 418 1276 virium
435 1219 610 1294 sequebatur
628 1220 741 1295 egregia
761 1220 862 1296 specie,
881 1241 972 1296 quum
986 1223 1072 1280 simul

183 1327 262 1376 terra
278 1316 365 1373 simul
383 1315 457 1372 mari
473 1314 584 1371 bellum
604 1315 809 1390 impelleretur,
824 1335 858 1372 ac
872 1335 955 1392 saepe
969 1317 1071 1375 iisdem

184 1413 285 1468 castris
302 1411 389 1486 pedes
402 1428 547 1486 equesque
561 1415 591 1467 et
604 1411 739 1468 nauticus
751 1411 835 1468 miles
848 1411 928 1468 misti
941 1412 1030 1488 copiis
1042 1421 1073 1470 et

177 1509 297 1580 ¹laetitia
313 1527 366 1564 sua
386 1506 509 1582 quisque
532 1506 704 1574 saetacum
731 1528 812 1566 casus
838 1511 1015 1582 attollerent,
1039 1530 1072 1568 ae

184 1603 269 1660 modo
290 1601 429 1660 silvarum
449 1621 483 1660 ac
503 1603 648 1662 montium
674 1604 824 1679 profunda,
846 1606 932 1663 modo
952 1612 1074 1681 tempas

184 1710 280 1761 tatum
298 1723 332 1760 ac
349 1703 492 1760 fluctuum
511 1702 640 1773 adversa,
661 1703 730 1761 hinc
748 1711 828 1762 terra
845 1712 876 1763 et
892 1707 990 1777 hostia,
1005 1705 1073 1763 hinc

184 1800 280 1856 victus
301 1817 422 1856 oceanus
437 1798 558 1856 militari
571 1799 711 1856 iactantia
724 1809 968 1876 compararentur.
1011 1802 1074 1860 Bri-

185 1905 291 1952 tannos
310 1913 435 1970 quoque,
455 1902 490 1950 ut
508 1913 546 1952 ex
564 1895 687 1970 captivis
706 1895 885 1968 audiebatur,
901 1899 963 1954 visa
976 1897 1073 1954 classis

184 1991 438 2066 obstupefaciebat,
466 1997 617 2065 tamquam
643 1997 745 2066 aperto
771 1992 860 2048 maris
889 1993 935 2048 sui
964 1998 1073 2048 secreto

184 2089 323 2146 ultimum
337 2087 423 2144 victis
443 2086 607 2161 perfugium
626 2085 816 2144 clauderetur.
858 2087 909 2142 Ad
927 2104 1028 2142 manus
1042 2093 1071 2142 et

184 2203 266 2240 arma
292 2181 423 2240 conversi
448 2181 636 2238 Caledoniam
659 2181 818 2238 incolentes
844 2181 945 2256 populi
968 2186 1072 2256 paratu

185 2298 298 2354 magno,
313 2278 421 2334 maiore
434 2277 517 2346 sama,
534 2276 580 2332 uti
593 2295 656 2332 mos
669 2283 713 2334 est
726 2277 763 2333 de
776 2277 891 2351 ignotis,
907 2295 1072 2352 oppugnare

187 2377 264 2434 ultro
276 2375 427 2432 castellum
447 2375 550 2445 adorti,
567 2381 679 2431 metum
698 2380 734 2430 ut
751 2383 941 2450 provocantes
956 2375 1073 2432 addide-

184 2478 269 2546 rant3
282 2469 559 2546 regrediendumque
567 2469 640 2526 eitra
648 2469 825 2541 Bodotriam,
837 2475 868 2526 et
875 2469 1073 2526 excedendum

184 2569 282 2644 potius
309 2585 396 2642 quam
423 2564 609 2640 pellerentur,
636 2565 736 2640 ignavi
763 2566 857 2640 specie
883 2565 1072 2640 prudentium

184 2662 386 2732 admonebant,
407 2679 499 2736 quum
518 2659 638 2717 interim
658 2659 804 2735 cognoscit
824 2659 922 2716 hostes
940 2659 1072 2736 pluribus

184 2759 348 2835 agminibus
368 2758 540 2833 irrupturos.
583 2757 631 2813 Ac
654 2774 692 2813 na
713 2762 867 2831 superante
893 2776 1016 2814 numero
1042 2768 1072 2814 et

184 2854 290 2930 peritia
310 2853 440 2910 locorum
467 2852 676 2923 circumiretur,
702 2851 795 2908 diviso
817 2859 847 2910 et
869 2853 930 2928 ipsa
954 2854 986 2908 in
1013 2859 1071 2910 tres

184 2954 281 3025 partes
294 2947 426 3004 exercitu
439 2946 564 3004 incessit.

244 3043 367 3102 XXVI.
404 3043 488 3111 Quod
502 3043 554 3100 ubi
568 3043 718 3118 cognitum
732 3042 817 3114 hosti,
830 3049 943 3100 mutato
954 3050 1071 3119 repente

178 3141 303 3199 'consilio
322 3140 452 3198 universi
472 3159 580 3197 nonam
601 3140 753 3215 leg'onem,
773 3145 808 3196 ut
826 3141 953 3198 maxime
969 3141 1071 3197 invali-

183 3237 260 3308 dam,
281 3243 366 3294 nocte
386 3235 519 3311 aggressi,
538 3235 616 3293 inter
635 3255 770 3293 somnum
787 3255 821 3293 ac
839 3237 1069 3312 trepidationem,

183 3336 272 3398 caesis
298 3334 443 3410 vigilibus,
472 3333 611 3410 irrupere.
663 3332 785 3409 Iamque
812 3334 844 3390 in
875 3333 945 3409 ipsis
971 3341 1072 3390 castus

183 3432 377 3510 pugnabatur,
409 3449 501 3508 quum
532 3430 681 3508 Agricola,
710 3431 768 3488 iter
797 3429 926 3488 hostium
956 3429 993 3486 ab
1024 3447 1071 3486 ex·
