2432 3784
218 234 225 283 l
422 240 624 302 lealcort
649 241 781 302 L-III,
1029 245 1046 302 3

158 367 266 426 aetatis
284 367 423 424 terminos
441 387 494 443 per
511 368 661 426 silentium
679 369 819 430 venimus.
859 367 929 426 Non
948 375 1047 426 tamen

159 467 274 543 pigebit
291 465 339 522 vel
360 466 511 523 incondita
528 486 562 523 ac
580 467 647 524 rudi
665 486 736 523 voce
755 467 923 524 memoriam
943 467 1047 542 prioris

160 561 313 618 servitutis
331 579 364 617 ac
382 555 797 637 testimoniump'raesentium
813 563 956 620 bonorum
972 581 1047 619 oom-

161 657 297 732 posuisse.
342 655 402 712 Hic
421 657 540 721 interim
558 658 640 728 liber,
661 657 765 714 honori
783 658 938 734 Agricolae
958 661 1047 716 soceri

162 753 221 810 mei
241 752 411 823 destinatus,
433 753 609 828 professione
628 754 746 829 pietatis
766 760 818 812 aut
837 754 972 814 laudatus
992 755 1048 811 erit

162 855 216 904 aut
230 855 390 908 excusatus.

163 1005 299 1046 rv.—VI1.
332 1004 394 1048 an.
411 991 560 1047 40.-A.n.
578 991 624 1050 70.
665 991 821 1066 Apricolo'a
838 994 920 1065 birth,
933 1003 1048 1068 parerat

204 1094 255 1147 oye
271 1076 332 1131 cred
347 1075 504 1133 edoceam.
547 1075 594 1133 He
610 1097 701 1134 seruos
719 1078 766 1135 laia
784 1080 916 1154 military
930 1100 1049 1156 copprea

205 1161 318 1235 ticcslaip
344 1161 378 1218 in
400 1161 521 1220 Britain
543 1163 638 1220 wodor
660 1162 815 1222 Suetonius
835 1165 995 1223 Pocdlioua
1018 1175 1048 1223 ot

205 1267 226 1304 o
242 1247 404 1322 peculiaria)
424 1248 535 1305 critical
553 1249 628 1307 time.
670 1250 729 1307 His
749 1253 900 1326 murrinos.
942 1252 989 1310 Hc
1009 1253 1049 1310 te

206 1353 293 1390 comos
308 1333 445 1403 Quaestor
458 1335 521 1391 olid
536 1335 665 1394 Praetor.
706 1336 800 1396 Deotd
820 1337 857 1411 cs
868 1337 914 1396 lais
933 1338 1046 1396 mother.

206 1419 251 1476 Ha
268 1421 349 1495 joina
372 1421 416 1478 aa
438 1441 521 1478 eosne
544 1421 581 1494 of
605 1422 767 1497 Vespasium,
791 1424 818 1482 ie
840 1425 997 1500 appointed
1022 1435 1049 1484 to

206 1505 249 1564 tlte
267 1507 419 1566 eanmund
434 1505 472 1580 os
486 1507 529 1564 tlte
544 1508 613 1564 nott
626 1508 719 1582 lcqioa
731 1510 765 1566 in
783 1509 909 1582 Britain,
927 1511 990 1570 card
1004 1531 1050 1572 ac·

206 1593 282 1666 quita
294 1592 414 1666 diowelf
420 1593 489 1650 wita
502 1593 598 1650 credit.

227 1713 282 1772 IV.
326 1713 442 1770 Gnaeus
466 1713 562 1772 Iulius
588 1714 735 1790 Agricola,
760 1724 858 1774 vetere
886 1725 915 1774 et
942 1717 1049 1774 illustn'

163 1810 410 1873 Foroiuliensium
436 1809 549 1866 colonia
574 1817 664 1882 ortus,
692 1818 851 1887 utrumque
875 1833 963 1870 avum
985 1833 1049 1888 pro-

165 1913 328 1964 curatorem
340 1905 468 1963 Caesaris
481 1907 591 1983 habuit,
607 1927 682 1982 quae
695 1909 836 1982 equestris
846 1909 984 1965 nobilitas
997 1914 1048 1966 cst.

166 2005 258 2062 Pater
280 2003 338 2058 fuit
360 2001 455 2058 Iulius
480 2001 639 2059 Graecinus
656 2003 795 2060 senatorii
814 2004 932 2076 ordinis,
954 2005 1051 2062 studio

166 2100 348 2175 eloquentiae
362 2098 576 2174 sapientiaeque
589 2105 684 2171 nctus,
699 2099 792 2176 iisque
806 2101 876 2176 ipsis
890 2101 1051 2157 virtutibus

166 2198 242 2258 iram
256 2195 324 2252 Gaii
338 2194 468 2252 Caesaris
489 2195 631 2268 meritus3
651 2215 777 2271 namque
791 2195 834 2256 M.
857 2197 989 2254 Silanum
1006 2217 1051 2254 ac·

167 2309 268 2349 ousarc
281 2293 383 2362 iussus,
394 2297 433 2363 et,
445 2293 515 2367 quia
528 2293 677 2364 abnuerat,
692 2293 862 2350 interfectus
873 2299 923 2350 est.
954 2293 1052 2351 Mater

167 2386 247 2442 Iulia
273 2384 397 2442 Procilla
423 2385 489 2456 fuit,
512 2405 594 2442 rarae
621 2387 771 2446 castitatis
814 2387 853 2442 In
876 2387 963 2444 huius
986 2387 1052 2446 sinu

167 2481 406 2557 indulgentiaque
428 2468 566 2538 educatus
589 2501 777 2558 peromnem
801 2482 988 2540 honestarum
1010 2504 1053 2541 ar-

168 2579 244 2635 tium
270 2579 383 2636 cultum
409 2581 564 2654 pueritiam
594 2580 873 2654 adolescentiamque
900 2583 1048 2656 transegit.

167 2674 299 2731 Arcobat
317 2693 383 2730 eum
404 2675 442 2730 ab
461 2673 604 2732 illecebris
619 2675 810 2750 peccantium,
830 2685 944 2750 praeter
961 2676 1053 2751 ipsius

168 2770 274 2826 bonam
296 2771 497 2846 integramque
518 2776 662 2842 naturam,
686 2770 764 2846 quod
790 2771 891 2826 statim
914 2771 1053 2846 parvulus

168 2864 265 2922 sedem
292 2884 325 2922 ac
356 2865 525 2940 magistram
552 2865 715 2921 studiorum
749 2864 909 2920 Massiliam
941 2865 1052 2938 habuit,

169 2962 264 3018 locum
279 2961 389 3018 Graeca
406 2961 543 3018 comitate
561 2966 591 3016 et
609 2960 785 3035 provinciali,
796 2961 973 3034 parsimonia
988 2961 1054 3016 mis-

170 3066 235 3116 tum
258 3078 291 3115 ac
318 3059 391 3114 bene
418 3057 616 3132 compositum.
659 3056 804 3112 Memoria
826 3062 911 3112 teneo
936 3055 1054 3112 solitum

169 3155 266 3228 ipsum
292 3170 410 3208 narrare
432 3170 463 3210 se
485 3152 580 3226 prima
602 3152 636 3208 in
661 3151 783 3208 iuventa
810 3150 940 3206 studium
962 3150 1054 3224 philo-

170 3247 287 3322 sophiae
314 3246 416 3318 acrius,
444 3246 523 3302 ultra
550 3265 638 3322 quam
666 3264 831 3302 concessum
863 3245 996 3302 Romano
1022 3267 1055 3302 ac

170 3342 305 3412 senatori,
328 3341 464 3411 hausisse,
488 3342 521 3398 ni
544 3341 700 3416 prudentia
722 3340 825 3396 matris
850 3339 1000 3394 incensum
1023 3357 1056 3396 ac

171 3438 341 3512 flagrantem
363 3437 493 3493 animum
515 3436 693 3496 coercuisset.
735 3434 854 3516 Scilicet
880 3435 1003 3491 sublime
1026 3445 1057 3492 et

901 3529 975 3585 1-2
