2432 3784
165 256 201 314 12
423 255 626 325 CORNELII
653 260 795 320 raom

162 383 322 458 relegatum
344 384 376 440 in
399 385 457 442 alia
479 386 575 443 insula
599 389 761 444 exercitum
784 388 966 448 detinerent:
994 391 1052 448 iam

162 478 247 554 ipsos,
280 481 358 554 quod
387 480 589 538 difficillimum
619 483 715 554 fuerit,
753 485 918 544 deliberare.
962 485 1053 544 Porro

162 575 194 630 in
226 575 367 632 eiusmodi
399 577 525 633 consiliis
558 578 747 652 periculosius
780 594 841 636 esse
875 581 1053 656 deprehendi

162 691 250 747 quam
264 673 377 731 audere.

222 768 313 826 XVI.
355 767 414 825 His
434 775 522 845 atque
542 771 650 827 talibus
670 771 795 829 invicem
814 773 954 845 instincti,
975 774 1053 831 Bou·

162 864 251 936 dicea,
268 866 382 940 generis
401 866 475 941 regii
494 866 609 938 femina,
633 867 704 924 duce
726 869 830 945 (neque
851 871 930 926 enim
950 890 1053 928 sexum

163 961 195 1016 in
221 959 350 1034 imperiis
376 959 557 1037 discernunt)
589 982 736 1038 sumpsere
768 965 896 1022 universi
927 967 1051 1038 bellum;

163 1075 196 1112 ac
219 1074 331 1130 sparsos
347 1075 399 1130 per
419 1058 536 1114 castella
556 1059 665 1116 milites
687 1047 851 1132 consectati,
878 1065 1053 1138 expugnatis

163 1151 312 1226 praesidiis
325 1153 419 1227 ipsam
432 1151 575 1208 coloniam
588 1155 720 1210 invasere
734 1165 768 1211 ut
782 1156 879 1212 sedem
893 1159 1050 1214 servitutis.

163 1246 227 1302 Nec
250 1247 344 1303 ullum
366 1248 399 1304 in
420 1248 550 1305 barbaris
571 1251 709 1306 saevitiae
730 1270 821 1326 genus
843 1253 941 1310 omisit
958 1253 1002 1310 ira
1023 1262 1054 1310 et

163 1343 291 1399 victoria.
335 1343 420 1411 Quod
433 1345 491 1402 nisi
506 1343 648 1402 Paulinus
662 1348 777 1421 cognito
790 1349 956 1423 provinciae
970 1354 1053 1406 motu

163 1458 283 1515 propere
312 1441 502 1514 subvenisset,
531 1442 635 1499 amissa
662 1443 818 1500 Britannia
844 1446 934 1518 forct;
965 1464 1053 1521 quam

163 1537 251 1593 unius
264 1537 367 1612 proelii
379 1538 496 1594 fortuna
509 1539 603 1594 veteri
613 1539 774 1614 patientiae
789 1541 927 1611 restituit,
941 1541 1053 1616 (tenen-

163 1633 242 1688 tibus
265 1651 346 1688 arma
368 1631 521 1708 plerisque,
542 1651 615 1708 quos
636 1633 812 1690 conscientia
833 1634 1002 1691 defectionis
1024 1641 1054 1693 et

163 1729 282 1808 propius
314 1747 350 1812 ex
380 1730 474 1806 legato
501 1731 591 1788 timor
622 1730 774 1806 agitabat),
812 1731 846 1786 ni
874 1751 1050 1806 quamquam

163 1827 295 1900 egregius
322 1833 418 1883 cetera
448 1839 620 1902 arroganter
646 1829 679 1884 in
706 1829 827 1900 deditos,
856 1835 894 1898 et,
922 1834 957 1886 ut
984 1848 1053 1886 suae

163 1922 303 1998 cuiusque
329 1923 453 1980 iniuriae
482 1923 569 1994 ultor,
601 1924 702 1981 durius
732 1925 902 1984 consuleret
945 1925 1054 1982 Missus

163 2019 256 2094 igitur
285 2019 442 2077 Petronius
471 2019 660 2096 Turpilianus
694 2027 844 2097 tamquam
880 2021 1055 2078 exorabilior

164 2121 195 2172 et
214 2115 327 2172 delictis
348 2117 477 2172 hostium
498 2135 593 2173 novus
615 2135 706 2192 eoque
729 2117 924 2192 poenitentiae
942 2117 1049 2188 mitior,

164 2212 330 2286 compositis
363 2212 509 2286 prioribus
548 2212 624 2268 nihil
664 2213 744 2270 ultra
783 2232 871 2269 ausus
910 2211 1054 2268 Trebellio

164 2306 297 2364 Maximo
320 2308 501 2383 provinciam
523 2309 653 2368 tradidit.
697 2310 858 2367 Trebellius
881 2310 996 2384 segnior
1023 2316 1054 2365 ct

163 2404 254 2460 nullis
264 2411 424 2464 castrorum
433 2407 640 2481 experimentis
650 2408 785 2464 comitate
796 2407 922 2482 quadam
933 2406 1054 2463 curandi

164 2501 343 2578 provinciam
371 2503 476 2561 tenuit.
519 2502 657 2561 Didicere
694 2505 753 2560 iam
784 2505 903 2560 barbari
938 2525 1054 2580 quoque

164 2597 313 2671 ignoscere
326 2595 408 2652 vitiis
421 2597 649 2669 blandientibus,
668 2606 697 2655 et
718 2600 904 2656 interventus
926 2601 1056 2658 civilium

165 2711 313 2748 armorum
326 2694 461 2768 praebuit
475 2695 584 2752 iustam
597 2696 737 2770 segnitiae
752 2696 974 2752 excusationem.
999 2695 1057 2754 Sed

166 2787 311 2844 discordia
337 2787 512 2860 laboratum,
544 2809 636 2866 quum
663 2796 796 2846 assuetus
820 2790 1057 2866 expeditionibus

166 2883 250 2940 miles
283 2884 343 2940 otio
380 2884 535 2942 lasciviret.
578 2884 748 2956 Trebellius,
777 2884 846 2959 fuga
880 2904 913 2941 ae
936 2885 1058 2942 latebris

167 2981 261 3038 vitata
277 2981 422 3038 exercitus
442 2981 487 3038 ira
504 2981 656 3038 indecorus
677 2987 765 3056 atque
783 2981 911 3052 humilis,
927 2981 1056 3056 precario

69 3149 71 3154 Ι
167 3096 237 3134 mox
250 3077 384 3159 praefuit,
402 3096 436 3134 ac
451 3077 534 3134 velut
552 3078 631 3153 pacti
651 3077 796 3134 exercitus
816 3077 974 3145 licentiam,
995 3076 1055 3132 dux

167 3177 291 3234 salutem
299 3196 307 3248 ;
330 3182 360 3232 et
373 3176 477 3233 seditio
491 3177 553 3232 sine
567 3175 708 3250 sanguine
722 3175 813 3233 stetit.
854 3173 918 3230 Nec
932 3171 1058 3228 Vettius

168 3272 304 3345 Bolanus,
330 3274 517 3332 manentibus
537 3272 632 3328 adhuc
657 3271 791 3329 civilibus
813 3269 904 3337 bellis,
933 3268 1058 3343 agitavit

169 3369 356 3428 Britanniam
382 3370 541 3446 disciplina
584 3368 695 3426 Eadem
722 3367 830 3424 inertia
856 3384 925 3442 erga
951 3363 1057 3431 hostes,

168 3465 271 3524 similis
305 3467 471 3546 petulantia
510 3467 681 3534 castrorum,
714 3463 772 3518 nisi
805 3460 884 3536 quod
920 3459 1058 3533 innocens
