2446 3784
169 270 207 327 22
335 269 348 320 .’
425 267 629 328 CORNELII
654 265 799 328 PACH'I
839 265 856 271 ”

168 415 345 474 quamquam
378 396 412 452 in
443 415 595 454 commune
626 395 716 453 Suevi
744 401 892 453 vocentur.
935 395 1055 471 Insigne

168 494 263 570 gentis
289 493 439 568 obliquare
466 493 577 550 crinem
602 492 965 570 nodoquesub'stringere.
1007 492 1055 549 sio

170 591 258 648 Suevi
284 609 302 646 e
330 589 432 646 ceteris
459 589 621 660 Germanis,
649 589 690 646 sic
713 587 875 646 Suevorum
896 589 1017 664 ingenui
1038 607 1056 644 e

169 687 258 744 servis
278 689 456 761 separantur.
500 685 539 741 In
559 684 624 741 aliis
639 684 782 759 gentibus,
802 681 865 759 (seu
885 683 1056 758 cognatione

168 782 266 858 eliqua
280 780 451 850 Suevorum,
468 799 528 852 seu,
548 780 626 856 quod
642 799 725 855 saepe
739 780 852 852 eccidit,
867 765 1054 857 imitatione)

168 899 267 936 rarum
288 885 318 935 et
334 879 414 934 intre
432 879 569 936 iuventus
589 877 723 952 spatium,
739 875 817 951 opud
835 875 945 933 Suevos
963 896 1056 952 usque

169 970 206 1030 sid
226 973 363 1030 canitiem
384 972 552 1028 horrentem
574 970 711 1046 capillum
731 975 810 1026 retro
830 975 1000 1045 sequuntur,
1022 989 1056 1027 eo

169 1089 253 1146 saepe
285 1070 318 1126 in
351 1070 414 1145 ipso
447 1069 507 1126 solo
537 1069 646 1126 vertice
672 1067 804 1143 religent.
825 1066 999 1143 'Principes
1026 1076 1057 1126 et

170 1167 345 1224 ornatiorem
368 1167 484 1225 habent.
528 1165 573 1222 Ee
596 1184 666 1222 cure
688 1165 805 1236 formae,
830 1164 880 1221 sed
903 1166 1055 1233 innoxiue3

168 1283 263 1339 neque
287 1263 366 1320 enim
391 1267 427 1318 ut
458 1267 558 1318 ament
586 1261 840 1332 umenturve,—in
869 1261 1056 1318 altitudinem
1155 1265 1158 1270 ‘

169 1359 315 1436 quandam
333 1364 363 1415 et
380 1364 519 1415 terrorem
534 1357 643 1414 edituri
657 1357 733 1414 belle
746 1358 862 1434 compti,
878 1365 913 1415 ut
926 1359 1056 1416 hostium

169 1455 269 1524 oculis,
284 1460 433 1512 ornantur.

227 1550 384 1608 XXXIX
413 1549 636 1608 Vetustissimos
649 1568 679 1607 se
688 1549 938 1627 nobilissimosque
949 1551 1056 1609 saevo.

169 1668 234 1706 rum
249 1649 406 1706 Semnones
419 1654 587 1706 memorant.
619 1647 705 1705 Fides
719 1647 904 1724 antiquitatis
917 1648 1057 1724 religione

169 1745 309 1802 firmetur.
352 1743 437 1800 Steto
449 1748 578 1819 tempore
591 1745 624 1800 in
637 1743 739 1800 silvem
753 1745 881 1819 auguriis
894 1749 1011 1820 petrum
1026 1751 1057 1800 et

169 1842 262 1918 prisce
269 1841 424 1898 formidine
431 1859 542 1898 ssorum
551 1859 650 1898 omnes
660 1841 786 1922 eiusdem
797 1842 947 1916 sanguinis
955 1841 1057 1918 populi

169 1935 360 2012 legationibus
373 1941 484 2008 coeunt,
501 1955 639 2012 caesoque
651 1936 765 2012 publice
778 1937 894 1994 homine
910 1937 1057 1995 eelebrent

170 2031 285 2088 barbari
305 2032 381 2102 ritus
403 2031 548 2090 horrenda
570 2031 735 2107 primordia.
779 2031 834 2088 Est
857 2039 887 2088 et
910 2031 968 2089 elie
991 2033 1056 2089 luco

170 2129 346 2202 reverentin3
368 2148 454 2186 nemo
476 2127 534 2184 nisi
558 2127 673 2184 vinculo
695 2127 801 2204 ligatus
825 2127 996 2204 ingreditur,
1021 2135 1057 2185 ut

169 2225 265 2281 minor
281 2229 311 2280 et
327 2230 501 2300 potestatem
517 2223 647 2280 numinis
663 2243 731 2299 pree
747 2243 776 2280 se
790 2224 892 2283 ferens.
935 2223 968 2280 Si
980 2224 1056 2282 forte

169 2319 319 2396 prolapsus
342 2327 393 2392 est,
415 2321 512 2378 attolli
531 2327 562 2377 et
581 2321 729 2396 insurgere
749 2320 828 2378 houd
850 2320 980 2394 licitum,
1004 2341 1057 2398 per

169 2403 291 2472 humum
305 2415 489 2476 evolvuntur.
528 2416 629 2494 quue
643 2417 736 2474 omnis
749 2419 916 2493 superstitio
929 2418 1055 2493 respicit,

169 2519 320 2586 tamquam
333 2512 402 2568 inde
414 2513 502 2570 initis
514 2513 617 2588 gentis,
629 2512 672 2570 ibi
685 2518 821 2588 regnator
831 2513 962 2569 omnium
975 2513 1055 2584 deus,

169 2608 645 2685 ceteresubieeteatqueparentiu
665 2609 1056 2666 Adiieitauctoritatemior—

169 2709 242 2761 tuns
256 2702 449 2776 Semnonum3
465 2710 583 2761 centum
603 2706 670 2780 pagi
690 2706 727 2762 iis
740 2688 919 2773 habitantur,
939 2723 1057 2780 magno·

169 2819 226 2877 que
239 2819 357 2876 corpore
370 2800 499 2872 efficitur,
514 2804 550 2856 ut
562 2819 593 2856 se
607 2799 769 2857 Suevorum
781 2805 869 2876 ceput
882 2799 1008 2856 credant

228 2895 295 2956 XL.
338 2896 448 2954 Oontru
487 2896 692 2972 Longobardos
731 2897 861 2972 paucitas
902 2896 1056 2968 nobilitat3

167 2993 304 3070 plurimis
330 3011 363 3052 ec
386 2993 592 3050 valentissimis
618 2992 785 3049 notionibus
812 2992 900 3049 cincti
923 3011 982 3048 non
1005 3011 1058 3067 per

168 3093 347 3169 obsequium,
383 3091 433 3148 sed
464 3091 582 3168 proeliis
610 3097 641 3148 et
672 3089 862 3167 periclitando
892 3089 951 3146 tuti
977 3095 1054 3146 sunt

169 3186 318 3263 Reudigni
345 3187 448 3244 deinde
475 3193 506 3244 et
527 3188 658 3244 Aviones
682 3193 712 3244 et
732 3185 827 3262 Angli
849 3192 879 3242 et
898 3184 1006 3242 Varini
1027 3192 1058 3242 et

169 3283 297 3341 Eudoses
323 3289 354 3342 et
380 3283 545 3341 Suardones
571 3289 601 3340 et
624 3283 792 3341 Nuithones
812 3282 982 3341 fluminibus
1005 3289 1059 3339 out

169 3379 250 3438 silvis
263 3381 444 3438 muniuntur.
487 3380 519 3437 N
520 3398 552 3436 ec
565 3379 720 3456 quicquum
733 3377 863 3436 notabile
876 3377 908 3433 in
925 3377 1056 3452 singulis,

169 3475 227 3532 nisi
239 3475 317 3552 quod
326 3476 359 3533 in
367 3495 519 3535 commuue
527 3475 683 3548 Nerthum,
695 3475 726 3532 id
736 3480 781 3533 est
791 3473 911 3531 Terram
923 3478 1056 3544 matrem,
