2446 3784
188 232 225 290 18
350 282 355 292 .
440 230 645 291 CORNELII
669 225 815 294 rAOJ'rJ

183 369 357 428 concessum,
373 361 440 438 plus
462 379 601 438 reponere
623 363 656 419 in
678 363 750 420 duce
772 383 860 440 quam
880 362 911 420 in
932 365 1071 424 exercitu.

185 455 280 512 Omne
299 457 389 514 robur
403 457 436 514 in
455 457 561 533 pedite,
578 477 666 534 quem
686 477 773 535 super
792 478 873 516 arma
890 459 1075 519 ferramentis

184 569 300 628 quoque
326 556 357 608 et
383 552 472 628 copiis
498 558 627 610 onerant.
670 553 754 616 Alios
788 555 825 611 sd
854 554 1010 630 proelium
1031 555 1075 613 ire

184 646 289 718 videas,
314 646 436 705 Chattos
455 648 493 705 ad
509 648 633 721 bellum;
658 649 717 705 rari
740 667 878 708 excursus
901 655 932 706 et
953 650 1076 708 fortuita

185 763 299 821 pugna;
330 745 509 820 equestrium
541 747 609 802 sane
638 745 748 802 virium
773 744 805 804 id
831 746 990 822 proprium,
1016 746 1075 802 cito
1149 780 1154 790 ι

185 858 288 916 parare
315 839 475 911 victoriam,
505 840 563 898 cito
590 839 689 897 cedere
696 860 705 912 3
740 839 878 898 velocitas
908 841 992 898 iuxta
1020 841 1076 898 for-

186 935 334 1006 midinem,
351 936 497 993 cunctatio
511 937 629 1012 propior
641 937 821 994 constantiae
834 942 886 995 est

246 1031 371 1089 XXXI.
413 1031 455 1088 Et
467 1031 532 1088 aliis
547 1031 758 1090 Germanorum
771 1032 888 1108 populis
903 1037 1076 1108 usurpatum

187 1146 254 1184 raro
281 1133 312 1184 et
335 1128 451 1203 privata
474 1129 614 1204 cuiusque
637 1130 776 1186 audentis
798 1130 877 1206 apud
899 1129 1022 1187 Chattos
1044 1129 1077 1187 in

188 1242 359 1280 consensum
390 1225 490 1294 vertit,
521 1231 557 1282 ut
586 1226 714 1301 primum
747 1227 935 1298 adoleverint,
967 1228 1078 1284 crinem

188 1320 365 1396 barbamque
389 1321 580 1393 summittere,
604 1341 658 1378 nee
678 1323 737 1381 nisi
759 1323 844 1380 hoste
866 1341 947 1380 caeso
970 1340 1078 1380 exuere

189 1416 323 1473 votivum
346 1416 564 1492 obligatumque
586 1417 694 1475 virtuti
718 1419 776 1475 oris
799 1417 940 1476 habitum.
985 1417 1079 1492 Super

190 1513 361 1588 sanguinem
391 1519 421 1569 et
450 1512 542 1588 spolia
572 1513 705 1571 revelant
734 1515 868 1588 frontem,
899 1532 986 1590 seque
1012 1519 1078 1570 tum

190 1611 308 1668 demum
334 1611 429 1689 pretia
462 1611 599 1668 nascendi
623 1612 758 1669 retulisse
792 1612 951 1689 dignosque
982 1612 1080 1688 patria

190 1728 223 1766 ae
246 1707 417 1784 parentibus
438 1707 545 1764 serunt.
588 1706 709 1783 Ignavis
733 1713 763 1764 et
786 1708 953 1766 imbellibus
979 1714 1080 1764 manet

191 1805 313 1881 squalor.
348 1805 536 1862 Fortissimus
549 1805 671 1882 quisque
685 1806 812 1864 ferreum
824 1805 944 1882 insuper
957 1805 1080 1862 anulum

191 1901 429 1978 (ignominiosum
445 1901 477 1957 id
493 1899 586 1979 genti)
603 1902 687 1958 velut
702 1903 854 1960 vinculum
870 1889 975 1978 gestet,
990 1903 1080 1958 donec

191 1999 222 2056 se
249 1999 334 2056 caede
361 1998 453 2054 hostis
479 1999 619 2056 absolvat.
662 1997 803 2056 Plurimis
831 1995 1005 2058 Chattorum
1032 1996 1081 2052 hic

191 2095 288 2171 placet
303 2091 435 2165 habitus,
460 2096 577 2170 iamque
604 2101 711 2161 canent
736 2095 865 2171 insignes
891 2101 921 2152 et
948 2093 1082 2152 hostibus

192 2192 280 2266 simul
301 2192 418 2267 suisque
441 2191 603 2250 monstrati
647 2191 788 2262 Omnium
811 2210 899 2268 penes
920 2192 973 2248 hos
994 2189 1083 2248 initia

192 2308 356 2365 pugnarum
362 2307 371 2360 3
392 2289 463 2345 haec
478 2288 573 2364 prima
589 2306 701 2363 semper
717 2288 801 2355 acies,
819 2289 885 2344 visu
901 2306 992 2360 nove3
1011 2305 1083 2342 nam

193 2405 231 2442 ne
243 2385 276 2441 in
288 2401 358 2462 pace
368 2377 490 2461 'quidem
506 2378 592 2440 vultu
607 2384 723 2441 mitiore
739 2389 951 2441 mansuescunt
995 2383 1084 2440 Nulli

194 2482 295 2552 domus
313 2486 365 2538 aut
385 2499 454 2556 ager
476 2486 529 2537 aut
550 2480 649 2556 aliqua
669 2499 754 2552 cura;
775 2485 863 2556 prout
880 2480 917 2536 ad
938 2466 1102 2556 quemque

193 2596 306 2648 venere,
321 2577 447 2648 aluntur,
463 2575 578 2651 prodigi
590 2575 687 2648 alieni,
703 2581 915 2651 contemptores
928 2575 981 2645 sui,
992 2573 1084 2630 donec

194 2672 349 2747 exsanguis
362 2676 495 2728 senectus
508 2679 570 2728 tam
583 2671 673 2727 durae
687 2669 794 2728 virtuti
806 2670 932 2746 impares
944 2667 1039 2726 iaciat.

253 2763 395 2826 XXXIL
417 2766 551 2824 Proximi
565 2765 679 2824 Chattis
698 2771 810 2822 certum
828 2764 887 2822 iem
906 2764 989 2820 slveo
1005 2762 1085 2819 Rhe-

194 2883 274 2937 nam,
289 2863 400 2940 quique
411 2861 554 2920 terminus
568 2880 630 2919 esse
642 2861 775 2933 sufficiat,
788 2860 889 2936 Usipii
902 2877 936 2916 ao
949 2858 1085 2916 Tencteri

194 2963 304 3020 colunt.
339 2959 476 3017 Tencteri
489 2977 576 3034 super
588 2957 707 3014 solitum
720 2956 865 3014 bellorum
878 2955 965 3012 decus
983 2972 1085 3029 eques-

195 3061 249 3117 tris
257 3058 425 3134 disciplinae
434 3063 498 3114 arte
510 3055 698 3132 praecellunt,
710 3073 763 3111 nec
773 3053 866 3110 maior
875 3051 953 3130 apud
962 3049 1088 3108 Chattos

195 3157 327 3233 peditum
340 3156 405 3213 laus
418 3173 507 3230 quam
521 3151 670 3210 Tencteris
684 3149 825 3226 equitum.
869 3148 917 3206 sic
929 3146 1087 3204 instituere

195 3252 332 3325 maiores,
359 3251 472 3328 ¹posteri
508 3247 671 3305 imitantur.
714 3243 760 3302 Hi
795 3243 877 3300 lusus
916 3239 1087 3308 infantium,

195 3350 265 3407 haec
291 3351 431 3408 iuvenum
458 3345 615 3406 aemulatio
621 3364 631 3418 ;
658 3347 846 3421 perseverant
867 3357 957 3398 senes.
1000 3336 1088 3394 Inter

195 3445 335 3502 familiam
375 3450 406 3504 et
441 3448 561 3522 penates
596 3445 627 3499 et
667 3440 732 3498 iura
767 3437 979 3496 successionum
1017 3431 1089 3509 equi
