2432 3784
164 265 201 323 10
415 260 618 323 CORNELII
645 261 788 322 ulem

161 409 343 451 xiii-xm.
383 391 482 450 Sketolt
501 393 539 466 of
550 392 594 450 tlte
609 392 725 449 Bouana
740 397 871 465 conquest
884 389 920 464 of
925 388 1046 448 Britain

192 479 277 554 from
298 479 342 537 tlu
373 480 507 540 inooeiou
534 478 573 553 os
591 477 696 536 Julius
718 477 824 537 eaeor
850 485 878 534 to
904 476 944 533 its
968 495 1046 534 neore

198 565 330 642 complete
355 565 541 640 subjuqotiou
562 565 599 640 by
622 564 771 624 elautae.
813 561 929 620 Romen
949 583 1045 638 eouer-

198 651 325 727 uormof
331 651 458 710 Britain.
499 650 697 708 Iusurreetuu
714 649 752 724 of
761 649 806 706 tlte
818 648 937 706 Boitoue
952 650 1046 706 uuder

198 739 359 806 Boodieeo,·
379 739 443 812 they
463 747 551 795 ecoe-m
573 737 814 806 Camulodunum,
837 735 886 793 but
906 756 955 793 ore
975 756 1045 793 emn-

193 826 300 902 pletely
314 825 441 900 defeated
453 824 490 898 by
502 821 657 881 Suetonius
670 823 838 879 Paulliuus.
888 822 1045 880 Gooeruees

198 914 259 970 wleo
282 913 430 970 suooeeded
447 911 615 968 Paulliuue.
658 909 742 966 Dittle
766 910 838 966 datu
861 909 897 984 ty
921 910 994 966 tium
1017 919 1044 966 to

198 1000 323 1057 odom
337 999 382 1056 tlte
396 999 510 1056 Roueou
522 995 673 1055 domium
685 995 721 1054 ia
732 995 860 1054 Beitoiu
907 995 1045 1070 Viqoroua

194 1085 292 1161 polico
306 1085 343 1159 of
356 1083 517 1159 Vespasiae.

216 1257 311 1316 XIII.
354 1259 417 1335 Ipsi
440 1259 577 1316 Britanni
598 1258 742 1316 delectum
762 1278 796 1315 ae
816 1257 931 1314 tributa
950 1257 1044 1314 etin·

157 1355 257 1412 iuncta
284 1354 400 1431 imperii
426 1371 547 1411 munera
572 1353 696 1430 impigre
722 1355 839 1426 obeunt,
867 1353 893 1410 si
918 1353 1043 1410 iniuriae

156 1452 254 1508 absint
260 1470 269 1523 3
287 1450 340 1508 has
366 1469 450 1527 aegre
476 1451 612 1523 tolerant,
640 1452 700 1508 iam
726 1451 830 1508 domiti
853 1455 889 1507 nt
911 1457 1041 1526 pareant,

156 1548 284 1604 nondum
304 1552 340 1603 ut
357 1548 492 1604 saniant.
535 1547 634 1623 Igitur
652 1547 765 1623 primus
784 1548 916 1604 omnium
936 1546 1042 1604 Roma-

138 1663 260 1700 norum
286 1645 373 1701 divus
399 1644 494 1702 Iulius
523 1664 590 1701 eum
620 1645 751 1701 exercitu
782 1643 967 1701 Britanniam
998 1644 1041 1698 in·

154 1760 276 1816 gressus,
296 1761 472 1818 quamquam
491 1761 628 1820 prospera
647 1761 746 1817 pugna
764 1741 903 1800 terruen't
922 1741 1039 1810 incolas,

155 1855 188 1894 ae
206 1838 291 1895 litore
308 1837 420 1914 potitus
436 1839 483 1910 sit,
503 1843 599 1914 potest
616 1837 709 1893 videri
730 1837 888 1894 ostendisse
908 1836 1039 1911 posteris,

155 1952 215 1990 non
228 1933 387 1992 tradidisse.
430 1933 505 1992 Mox
518 1933 594 1990 bella
607 1933 713 2004 civilia,
728 1940 759 1989 et
771 1933 804 1989 in
820 1949 882 1989 rem
894 1932 1040 2008 publicam

155 2049 238 2086 versa
264 2029 428 2105 principum
454 2049 541 2101 arma,
570 2047 603 2084 ao
629 2028 717 2103 longa
739 2028 847 2084 oblivio
870 2027 1040 2084 Britanniae

155 2123 243 2180 etiam
257 2124 289 2180 in
302 2143 378 2200 paee.
422 2123 583 2181 Consilium
596 2123 627 2179 id
640 2123 725 2180 divus
739 2123 893 2197 Augustus
908 2122 1038 2190 vocabat,

154 2217 287 2276 Tiberius
310 2223 501 2294 piaeeeptum.
543 2217 681 2292 Agitasse
703 2215 809 2273 Gaium
832 2217 983 2273 ansmem
1003 2216 1039 2272 de

153 2313 291 2370 intranda
318 2313 472 2372 Britannia
499 2314 570 2370 satis
596 2320 717 2383 constat,
746 2312 778 2368 ni
808 2313 893 2368 velox
922 2311 1039 2386 ingenio

153 2412 269 2469 mobilis
287 2412 490 2488 poenitentiae,
508 2419 538 2470 et
551 2414 684 2488 ingentes
702 2413 839 2468 adversus
854 2411 1040 2468 Germaniam

153 2513 273 2565 conatus
282 2509 391 2566 frustra
403 2509 537 2567 fuissent.
566 2509 662 2566 Divus
673 2508 812 2566 Claudius
826 2513 927 2564 auctor
940 2507 1040 2563 iterati

152 2606 255 2680 operis,
277 2607 449 2663 transvectis
467 2607 632 2682 legionibus
649 2606 826 2681 auxiliisque
846 2611 877 2661 et
892 2611 1040 2679 assumpto

152 2700 185 2756 in
201 2707 314 2776 postem
329 2720 427 2758 rerum
446 2701 628 2777 Vespasiano
633 2721 643 2774 ;
662 2701 741 2778 quod
760 2701 880 2758 initium
899 2707 1040 2760 ventuius

152 2816 223 2855 mox
245 2798 380 2858 fortunae
400 2799 465 2860 fuit.
509 2800 646 2857 Domitae
669 2806 778 2875 gentes,
802 2800 881 2874 eapti
900 2818 990 2875 seges,
1010 2807 1041 2857 et

98 2888 101 2892 ’
152 2899 332 2950 monstratus
345 2895 414 2952 fatis
426 2895 630 2971 Vespasianus.

212 2989 303 3046 XIV.
346 2990 550 3048 Consularium
564 2991 675 3066 primus
691 2992 790 3047 Aulus
806 2990 942 3048 Plautius
960 3011 1040 3068 prae-

153 3084 273 3160 positus,
298 3103 331 3142 ao
355 3086 478 3143 subinde
502 3086 635 3144 Ostorius
659 3086 790 3162 Scapula,
815 3094 939 3162 uterque
965 3089 1041 3144 bello

152 3182 300 3259 egregius;
322 3184 496 3260 redactaque
519 3185 661 3261 paulatim
682 3185 714 3240 in
734 3184 856 3240 formam
876 3185 1041 3260 provinciae

152 3281 287 3354 proxima
317 3298 383 3354 pars
415 3280 593 3338 Britanniae.
633 3281 748 3337 Addita
779 3281 899 3356 insuper
930 3287 1041 3339 vetera-

152 3393 256 3432 norum
283 3376 403 3436 colonia.
445 3376 595 3446 Quaedam
618 3376 752 3436 civitates
774 3377 955 3453 Cogidumno
978 3381 1040 3454 regi

153 3469 277 3530 donatae
302 3471 338 3548 (is
361 3473 398 3531 ad
419 3481 547 3532 nostram
572 3493 663 3550 usque
689 3473 858 3530 memoriam
885 3473 1041 3532 fidissimus
