2446 3784
321 238 538 298 GERMANIA
565 238 901 298 xxxviii-XLV.
1017 239 1054 297 25

167 370 339 430 libertatem
381 369 523 428 Protinus
559 371 664 428 deinde
694 372 732 428 ab
759 371 875 428 Oceano
902 369 995 446 Rugii
1025 378 1056 428 et
1105 443 1107 451 Ι

167 466 307 538 Lemovii,
322 468 511 542 omniumque
527 466 632 524 harum
647 468 781 543 gentium
798 468 912 544 insigne
928 468 1056 525 rotunda

166 571 257 632 scuta,
272 565 374 621 breves
386 564 478 639 gladii
490 569 521 621 et
534 583 603 639 erga
615 583 697 639 reges
712 565 890 640 obsequium.

225 659 343 717 XLIV.
386 659 528 718 Suionum
551 659 621 716 hinc
644 659 778 717 civitates
800 660 863 735 ipso
884 661 917 717 in
940 659 1054 718 Oceano

166 763 281 832 praeter
290 759 368 815 viros
382 777 519 833 armaque
532 757 671 814 classibus
684 757 791 816 valent.
814 757 921 815 Forma
933 759 1054 816 navium

166 871 200 908 eo
221 852 326 924 differt,
348 853 427 928 quod
452 853 602 928 utrimque
623 871 710 928 prora
727 857 860 929 paratam
877 872 991 928 semper
1005 873 1054 930 ap·

166 947 264 1022 pulsui
290 948 416 1004 frontem
448 948 517 1022 agit
566 947 631 1004 Nec
657 947 730 1004 velis
756 947 971 1018 ministrantur,
999 966 1053 1005 nec

165 1061 259 1099 remos
272 1043 304 1100 in
318 1043 450 1100 ordinem
463 1042 604 1099 lateribus
617 1042 782 1118 adiungunt
789 1062 797 1115 3
818 1042 955 1115 solutum,
968 1049 1003 1100 ut
1020 1045 1053 1100 in

166 1139 340 1213 quibusdam
359 1139 522 1211 fluminum,
542 1145 573 1196 et
590 1139 739 1210 mutabile,
757 1144 793 1195 ut
808 1158 854 1196 res
869 1141 970 1214 poscit,
984 1139 1053 1196 hinc

165 1235 213 1292 vel
232 1236 314 1292 illinc
332 1236 493 1312 remigium
536 1234 591 1292 Est
605 1235 684 1310 apud
703 1234 769 1291 illos
787 1240 817 1291 et
833 1235 936 1311 opibus
951 1235 1051 1307 honos,

165 1349 256 1405 coque
275 1350 351 1388 unus
368 1311 526 1406 imperitat,
546 1329 637 1386 nullis
657 1330 716 1386 iam
740 1330 967 1405 exceptionibus,
991 1349 1053 1387 non

165 1428 294 1501 precario
317 1428 382 1486 iure
404 1427 532 1503 parendi.
575 1426 639 1483 Nec
662 1446 752 1497 arma,
777 1433 813 1484 ui
838 1429 916 1504 apud
943 1434 1052 1486 ceteros

166 1527 333 1600 Germanos,
353 1533 386 1584 in
407 1528 577 1604 promiscuo,
601 1529 652 1585 sed
674 1529 771 1585 clausa
792 1530 846 1586 sub
869 1531 997 1598 custode,
1021 1538 1052 1589 et

165 1624 283 1698 quidem
296 1643 386 1694 servo,
405 1625 477 1699 quia
492 1624 603 1680 subitos
621 1625 749 1681 hostium
770 1625 901 1682 incursus
917 1627 1053 1702 prohibet

166 1718 305 1791 Oceanus,
329 1719 422 1776 otiosa
438 1737 525 1794 porro
545 1725 723 1776 armatorum
742 1739 846 1776 manus
864 1721 950 1778 facile
969 1722 1050 1780 lasci-

165 1815 260 1874 viunt.
304 1814 462 1871 Enimvero
488 1833 583 1889 neque
610 1814 737 1870 nobilem
764 1834 858 1890 neque
881 1816 1048 1892 ingenuum,

164 1930 202 1968 ne
215 1911 385 1968 libertinum
403 1910 522 1986 quidem
545 1909 634 1966 armis
647 1929 823 1986 praeponere
844 1913 924 1987 regia
938 1915 1051 1974 utilitas

164 2015 215 2066 est.

224 2105 324 2164 XLV.
365 2106 460 2164 Trana
483 2105 607 2164 Suionas
640 2105 721 2163 aliud
753 2125 841 2176 mare,
868 2108 985 2184 pigrum
1017 2129 1051 2168 ac

164 2223 253 2280 prope
275 2204 438 2275 immotum,
458 2223 517 2280 quo
534 2203 613 2278 cingi
632 2203 768 2278 cludique
787 2209 932 2262 terrarum
952 2206 1051 2264 orbem

165 2299 233 2356 hinc
254 2300 332 2372 fides,
357 2300 435 2376 quod
457 2305 606 2356 extremus
629 2300 759 2356 cadentis
779 2298 839 2356 iam
860 2299 929 2357 solis
954 2301 1052 2376 fulgor

164 2397 196 2453 in
209 2404 290 2455 ortus
303 2399 407 2456 edurat
420 2399 491 2455 adeo
505 2398 608 2464 clarus,
618 2405 654 2454 ut
667 2398 761 2454 sidera
773 2397 899 2455 hebetet
940 2398 1050 2456 Senum

164 2493 283 2569 insuper
295 2496 469 2570 emergentis
482 2495 585 2564 audiri,
600 2495 764 2570 formasque
777 2494 898 2551 deorum
912 2501 943 2552 et
955 2495 1051 2552 radios

164 2588 267 2664 capitis
285 2590 374 2665 aspici
391 2591 539 2665 persuasio
557 2590 663 2646 adiicit.
707 2589 784 2646 Illuc
802 2609 894 2666 usque
913 2589 1051 2667 (etfama

164 2686 244 2762 vera)
259 2693 376 2744 tantum
389 2695 502 2748 natura.
545 2688 624 2763 Ergo
637 2689 696 2744 iam
713 2688 817 2746 dextro
830 2689 946 2746 Suevici
962 2691 1051 2746 maris

163 2783 249 2840 litore
280 2783 451 2840 Aestiorum
487 2790 588 2859 gentes
624 2783 785 2856 alluuntur,
828 2784 935 2859 quibus
975 2785 1050 2842 ritus

163 2879 338 2956 habitusque
369 2879 540 2953 Suevorum,
571 2881 674 2956 lingua
705 2881 893 2938 Britannicae
923 2882 1048 2956 propior.

164 2976 291 3034 Matrem
328 2975 415 3034 deum
452 2984 646 3050 venerantur,
686 2977 801 3053 insigne
837 2979 1051 3054 superstitionis

163 3075 270 3132 formas
290 3093 428 3151 aprorum
448 3080 572 3149 gestant.
616 3075 654 3131 Id
676 3094 730 3150 pro
749 3075 838 3131 armis
861 3075 1051 3150 omniumque

163 3173 258 3229 tutela
284 3191 418 3230 securum
452 3171 522 3228 deae
555 3170 697 3227 cultorem
726 3171 816 3227 etiam
847 3170 926 3226 inter
954 3170 1051 3227 hostes

163 3276 299 3345 praestat
343 3269 440 3326 Rarus
460 3268 538 3338 ferri,
561 3267 696 3342 frequens
715 3267 839 3324 fustium
860 3285 936 3323 usus.
980 3265 1052 3322 Fru-

163 3374 263 3424 mento
284 3372 449 3441 ceterosque
467 3365 579 3422 fructus
600 3363 761 3440 patientius
782 3381 870 3438 quam
890 3381 944 3439 pro
965 3362 1052 3420 solita

164 3463 376 3522 Germanorum
389 3463 497 3522 inertia
510 3463 651 3521 laborant.
677 3460 735 3519 Sed
744 3465 775 3519 et
784 3479 864 3518 mare
874 3466 1049 3532 scrutantur,
