2446 3784
407 257 625 316 GERMANIA
653 257 829 322 *IL-XV,
1046 262 1066 322 5

171 384 341 442 universum
371 386 539 444 aestimanti
569 387 636 463 plus
666 407 754 464 penes
785 389 915 465 peditem
945 392 1065 465 roboris,

172 501 262 558 eoque
278 482 360 538 misti
375 482 563 559 proeliantur,
583 490 653 560 apta
673 489 703 542 et
724 493 904 562 congruente
916 488 954 546 ad
968 507 1067 564 eques-

170 583 247 634 trem
267 597 396 654 pugnam
419 579 574 637 velocitate
595 580 736 656 peditum,
757 601 830 658 quos
850 601 889 640 ex
915 585 996 642 omni
1022 586 1065 644 iu·

171 679 294 730 ventute
321 673 447 732 delectos
473 680 542 732 ante
573 676 666 732 aciem
696 676 802 737 locant
859 678 1010 738 Definitur
1036 687 1067 740 et

170 791 330 845 numerus3
351 772 467 828 centeni
480 790 519 828 ex
532 773 655 847 singulis
674 775 757 850 pagis
776 779 854 842 sunt,
868 775 957 852 idque
969 777 1065 853 ipsum

171 868 250 926 inter
265 888 332 926 suos
349 875 499 940 vocantur,
520 874 551 926 et
568 870 646 944 quod
664 871 760 946 primo
773 890 912 930 numerus
925 873 991 945 fnit,
1007 875 1064 931 iam

170 983 278 1023 nornen
299 973 330 1023 et
352 967 447 1024 honor
467 972 519 1025 est
562 967 651 1025 Acies
670 986 724 1044 per
744 986 851 1026 cuneos
872 971 1063 1045 componitur.

172 1061 281 1120 (ledere
306 1062 377 1135 loco,
406 1063 563 1120 dummodo
586 1081 687 1119 rursus
713 1063 812 1135 instes,
837 1064 951 1122 consilii
977 1084 1066 1140 quam

171 1158 335 1215 formidinis
364 1159 558 1216 arbitrantur.
614 1157 743 1233 Corpora
769 1176 889 1216 suorum
916 1160 1007 1216 etiam
1032 1160 1066 1219 in

171 1255 268 1312 dubiis
294 1255 411 1331 proeliis
437 1256 576 1314 referunt.
630 1255 753 1312 Scutum
780 1256 931 1331 reliquisse
957 1257 1066 1333 praeci·

171 1371 263 1428 puum
285 1353 438 1428 flagitium,
461 1371 516 1409 nec
539 1357 592 1409 aut
613 1353 702 1409 sacris
720 1353 819 1410 adesse
840 1359 892 1410 aut
910 1354 1065 1411 concilium

171 1448 246 1506 iuire
268 1449 460 1524 ignominioso
480 1450 532 1520 fas,
557 1449 703 1525 multique
726 1450 897 1524 superstites
919 1450 1065 1508 bellorum

171 1544 322 1600 infamiam
334 1544 439 1620 laqueo
452 1543 601 1602 findemnt.

230 1641 307 1700 VII.
350 1643 446 1718 Reges
467 1661 505 1699 ex
526 1641 688 1713 nobilitate,
709 1642 798 1698 duces
822 1661 860 1698 ex
882 1643 995 1699 virtute
1018 1661 1064 1700 su-

170 1743 264 1796 munt
320 1737 385 1794 Nec
408 1738 526 1812 regibus
546 1736 665 1794 infinita
685 1741 739 1792 aut
759 1737 853 1793 libera
873 1743 1009 1812 potestas,
1033 1743 1064 1795 et

170 1834 257 1890 duces
280 1831 415 1908 exemplo
436 1833 535 1908 potius
558 1849 647 1907 quam
671 1831 803 1907 imperio,
829 1833 853 1889 si
876 1833 1013 1908 prompti,
1038 1835 1061 1891 si

170 1931 325 2008 conspicui,
341 1931 366 1988 si
380 1935 450 1987 ante
470 1930 563 1987 aciem
583 1934 680 2004 agant,
702 1928 897 1985 admiratione
914 1936 1061 2006 praesunt

170 2026 309 2085 Ceterum
327 2047 423 2103 neque
443 2026 678 2083 animadvertere
697 2043 792 2100 nequo
811 2025 932 2096 vincire,
947 2043 985 2082 ne
999 2045 1062 2082 ver-

169 2123 270 2180 berare
283 2123 403 2199 quidem
419 2123 478 2179 nisi
498 2121 696 2179 sacerdotibus
709 2120 890 2196 permissum,
904 2140 965 2178 non
979 2123 1062 2197 quasi

169 2219 201 2274 in
220 2237 343 2295 poenam
363 2237 418 2276 nco
438 2218 519 2275 ducrs
539 2217 628 2289 iussu,
651 2216 702 2273 sed
721 2216 805 2273 velut
820 2217 874 2274 deo
888 2217 1059 2292 imperante,

169 2333 253 2390 quem
269 2316 367 2372 adesse
381 2315 561 2372 bellantibus
581 2314 704 2371 eredunt
713 2332 722 2386 ;
742 2313 908 2389 effigiesque
928 2320 958 2371 et
978 2314 1060 2390 signa

169 2413 310 2488 quaedam
324 2413 455 2469 detracta
468 2411 542 2469 lucis
556 2411 588 2468 in
601 2410 746 2487 proelium
765 2411 873 2476 ferunt,
918 2409 1061 2487 Quodque

168 2509 355 2584 praecipuum
372 2507 553 2565 fortitudinis
572 2508 796 2564 incitamentum
816 2513 868 2578 est,
888 2527 949 2564 non
968 2509 1073 2578 casus‚'

167 2623 262 2679 neque
278 2604 399 2661 fortuita
419 2604 602 2680 conglobatio
621 2609 750 2660 turmam
768 2611 821 2661 aut
840 2623 965 2660 cuneum
979 2603 1058 2674 facit,

167 2700 218 2756 sed
232 2699 358 2757 familiae
372 2706 402 2757 et
415 2700 666 2776 propinquitates3
689 2705 719 2757 et
733 2700 764 2756 in
779 2699 911 2775 proximo
925 2699 1055 2774 pignora,

168 2795 245 2852 unde
276 2795 451 2852 feminarum
478 2794 609 2851 ululatus
632 2795 737 2865 audiri,
760 2794 840 2852 unde
862 2793 981 2868 vagitus
1016 2793 1060 2848 in-

169 2893 300 2952 fantium.
344 2893 389 2951 Hi
415 2893 520 2968 cuique
546 2892 722 2949 sanctissimi
748 2898 845 2963 testes,
873 2891 905 2948 hi
936 2889 1059 2948 maximi

168 2991 338 3049 laudatores
382 2989 434 3047 Ad
454 2993 569 3060 matres,
591 2989 629 3045 ad
649 2989 785 3064 coniuges
798 2987 921 3044 vulnera
937 2986 1038 3042 ferunt
1048 3005 1057 3058 ;

167 3107 219 3145 nec
233 3087 301 3144 illae
314 3105 468 3143 numerare
481 3090 534 3142 aut
549 3084 665 3160 exigere
678 3084 777 3160 plagas
789 3087 907 3159 pavent,
921 3081 1058 3156 cibosque

166 3194 196 3243 et
209 3184 377 3242 hortamina
390 3182 590 3260 pugnantibus
603 3186 728 3256 gestant.

224 3278 319 3336 VIII.
363 3277 524 3336 Memoriae
536 3276 672 3353 proditur
684 3275 824 3351 quasdam
841 3273 916 3331 acies
936 3271 1057 3330 inclina-

165 3381 211 3432 tas
237 3374 296 3432 iam
322 3379 354 3434 et
380 3375 513 3432 labantes
539 3393 558 3430 a
584 3372 700 3430 feminis
721 3371 873 3428 restitutas
894 3370 1057 3428 constantia

165 3487 285 3546 precum
311 3476 343 3528 ct
369 3471 486 3527 obiectu
513 3472 661 3546 pectorum
689 3472 720 3526 et
743 3471 904 3524 monstrata
925 3464 1056 3522 comicus
