2446 3784
322 233 539 292 GFRMANIA
569 228 890 293 XXX—XXXVII.
1014 234 1050 294 19

165 363 338 436 tradentem
372 363 482 439 excipit
511 362 589 420 filius
614 380 682 434 nen,
710 367 751 420 ut
775 368 877 434 cetera,
906 362 1052 421 maximus

164 465 245 532 natu,
261 461 310 518 sed
323 467 411 536 prout
423 461 506 519 ferox
519 460 596 516 belle
609 465 640 517 et
653 459 762 516 melier.

223 555 383 614 XXXIII.
425 556 517 612 quta
534 555 690 612 Tencteros
711 553 846 612 Bructeri
865 554 936 612 elim
957 574 1052 614 eccur-

163 655 268 712 rebant
273 675 282 726 5
303 673 382 710 nunc
409 653 570 710 Chamaves
596 656 627 722 et
653 651 847 726 Angrivarios
873 652 1053 727 immigrasse

164 755 307 820 narratur,
323 749 413 824 pulsis
427 747 576 804 Bructeris
592 766 625 804 ae
639 745 757 823 penitus
773 746 877 804 excisis
890 747 1063 831 vicinarum,

165 863 303 902 censensu
325 845 478 914 nationum
504 862 556 902 seu
582 842 734 918 superbiae
755 843 830 910 odi0‚
854 861 906 899 seu
930 845 1052 918 praedae

164 941 325 1010 dulcedine,
344 959 395 998 seu
412 941 511 997 favere
529 939 656 1016 quedam
673 957 741 1013 erga
758 956 811 995 nes
829 938 965 1012 deerum3
982 959 1052 997 nam

164 1055 202 1094 ne
220 1036 382 1111 spectaculo
400 1036 518 1112 quidem
540 1035 644 1120 proelii
669 1034 808 1092 invidere.
852 1033 946 1110 Super
972 1053 1053 1098 sexa·

163 1133 247 1207 ginta
273 1132 354 1188 milia
380 1150 440 1188 nen
465 1131 554 1188 armis
579 1129 704 1207 telisque
722 1129 872 1202 Romanis,
892 1130 952 1198 sed,
973 1131 1053 1207 qued

163 1227 396 1302 magnificentius
422 1232 474 1298 est,
499 1227 685 1284 oblectationi
708 1226 858 1302 oculisque
877 1227 1050 1288 ceciderunt

165 1321 294 1396 Maneat,
305 1343 418 1400 quaese,
431 1325 573 1400 duretque
586 1324 728 1399 gentibue,
745 1325 770 1381 si
782 1343 938 1382 nenamer
949 1327 1050 1398 nostri,

164 1426 196 1476 at
219 1427 296 1478 certe
312 1422 412 1478 edium
433 1421 486 1492 sui,
512 1420 629 1497 quande
655 1420 968 1497 urgentibusimperii
984 1422 1053 1479 fatis

164 1515 239 1572 nibil
252 1516 311 1572 iam
319 1521 466 1592 praestare
475 1515 607 1572 Fortuna
615 1514 708 1572 maius
717 1519 814 1591 petest
823 1535 912 1592 quam
922 1515 1053 1574 hostium

165 1611 345 1668 discerdiam.
434 1672 435 1678 ,

224 1707 380 1766 XXXIV.
423 1708 615 1784 Angrivarios
650 1713 681 1766 et
715 1708 876 1767 Chamaves
916 1729 935 1768 a
971 1717 1053 1787 terge

165 1803 320 1881 Dulgibini
340 1810 370 1862 et
389 1805 540 1863 Chasuarii
559 1805 689 1878 cludunt,
708 1807 839 1884 aliaeque
858 1814 958 1884 gentes
974 1809 1054 1866 haud

164 1899 284 1975 perinde
301 1907 475 1958 memoratae
481 1921 490 1974 3
511 1921 529 1958 a
544 1901 640 1960 fronte
658 1903 747 1960 Frisii
762 1905 921 1980 excipiunt.
963 1906 1054 1964 Maio
1095 1899 1097 1903 ’

164 1995 245 2054 ribus
270 1996 488 2072 minoribusque
513 1997 616 2054 Frisiis
639 1997 813 2054 vocabulum
840 2004 884 2056 est
907 2017 945 2056 ex
968 2000 1053 2056 mede

164 2093 279 2152 virium.
322 2094 475 2171 Utraeque
487 2095 621 2154 nationes
634 2115 727 2172 usque
740 2097 777 2154 ad
788 2096 936 2154 Oceanum
948 2097 1053 2155 Rheno

163 2197 384 2271 praeteximtur,
418 2192 610 2268 ambiuntque
642 2191 797 2250 immensos
830 2193 949 2270 insuper
975 2195 1054 2254 lacus

130 2313 133 2320 ⁴
164 2295 195 2346 et
216 2289 357 2346 Romanis
378 2287 516 2346 classibus
539 2289 698 2364 navigates.
740 2288 844 2365 Ipsum
868 2291 941 2365 quin
964 2291 1053 2350 etiam

165 2385 312 2443 Oceanum
327 2385 380 2441 illa
394 2385 582 2452 tentavimus,
600 2391 630 2442 ct
642 2404 790 2462 superesse
806 2385 901 2448 adhuc
914 2386 1054 2444 Herculis

164 2482 312 2538 columnas
343 2482 420 2538 sama
452 2480 593 2556 vulgavit,
622 2481 683 2538 sive
710 2481 784 2538 adiit
811 2481 962 2554 Hercules,
991 2501 1051 2554 seu,

164 2578 303 2655 quiequid
328 2578 436 2654 ubique
458 2577 645 2652 magnificum
672 2582 725 2648 est,
748 2577 781 2634 in
805 2577 967 2636 claritatem
990 2579 1053 2636 eius

164 2675 270 2740 referre
304 2674 506 2730 consensimus.
558 2673 622 2730 Nec
655 2673 749 2730 defuit
781 2675 920 2732 audentia
954 2675 1053 2734 Druse

165 2770 343 2841 Germanico,
366 2770 416 2826 sed
436 2769 551 2827 obstitit
571 2770 703 2828 Oceanus
718 2771 751 2826 in
767 2789 797 2826 se
814 2769 900 2827 simul
916 2775 1005 2846 atque
1020 2771 1054 2828 in

164 2867 325 2933 Herculem
338 2866 455 2942 inquiri
486 2865 562 2923 Mox
571 2884 656 2922 neme
669 2866 806 2936 tentavit,
821 2867 1007 2943 sanctiusque
1020 2886 1053 2924 ac

164 2962 345 3030 reverentius
358 2962 453 3018 visum
466 2961 502 3018 de
515 2962 587 3018 actis
600 2962 719 3020 deorum
733 2963 847 3020 credere
860 2982 948 3038 quam
961 2963 1040 3021 scire.

223 3057 379 3116 XXXV..
404 3057 558 3117 Hactenus
588 3057 621 3114 in
656 3059 834 3117 occidentem
867 3059 1054 3117 Germaniam

163 3155 306 3211 nevimus,
349 3151 388 3208 In
403 3153 631 3228 septentrionem
649 3154 764 3230 ingenti
780 3155 860 3212 flexu
877 3155 965 3212 redit.
1005 3157 1053 3214 Ae

164 3249 257 3326 prime
276 3247 575 3310 statimOhaueerum
594 3267 672 3325 gens,
695 3269 872 3326 quamquam
892 3251 1015 3328 incipiat
1036 3271 1055 3308 a

165 3343 267 3400 Frisiis
290 3362 324 3400 ae
344 3350 458 3418 partem
482 3343 576 3402 litoris
600 3352 727 3422 occupet,
751 3347 890 3420 emnium,
913 3365 985 3424 quaa
1006 3367 1055 3404 ex·

164 3440 255 3516 posui,
275 3441 407 3517 gentium
423 3439 569 3512 lateribus,
579 3441 757 3516 obtenditur,
775 3443 866 3511 donee
882 3443 1055 3513 inOhattes

897 3541 974 3598 2-2
