<?xml version="1.0" encoding="UTF-8"?>
<!DOCTYPE html PUBLIC "-//W3C//DTD XHTML 1.0 Transitional//EN"
    "http://www.w3.org/TR/xhtml1/DTD/xhtml1-transitional.dtd">
<html xmlns="http://www.w3.org/1999/xhtml" xml:lang="en" lang="en">
 <head>
  <title>
</title>
<meta http-equiv="Content-Type" content="text/html;charset=utf-8" />
  <meta name='ocr-system' content='tesseract 3.04.00' />
  <meta name='ocr-capabilities' content='ocr_page ocr_carea ocr_par ocr_line ocrx_word'/>
</head>
<body>
  <div class='ocr_page' id='page_1' title='image "./agricolaandgerm03tacigoog_0158.png"; bbox 0 0 2446 3784; ppageno 0'>
   <div class='ocr_carea' id='block_1_1' title="bbox 325 240 1035 303">
    <p class='ocr_par' dir='ltr' id='par_1_1' title="bbox 325 240 1035 303">
     <span class='ocr_line' id='line_1_1' title="bbox 325 240 1035 303; baseline -0.007 0"><span class='ocrx_word' id='word_1_1' title='bbox 325 241 545 303; x_wconf 73' lang='lat' dir='ltr'><em>GERMANIA</em></span> <span class='ocrx_word' id='word_1_2' title='bbox 573 240 850 303; x_wconf 86' lang='lat' dir='ltr'><strong>XVI.—-XXVII.</strong></span> <span class='ocrx_word' id='word_1_3' title='bbox 999 241 1035 299; x_wconf 81' lang='lat'><strong>13</strong></span> 
     </span>
    </p>
   </div>
   <div class='ocr_carea' id='block_1_2' title="bbox 142 373 1037 550">
    <p class='ocr_par' dir='ltr' id='par_1_2' title="bbox 142 373 1037 550">
     <span class='ocr_line' id='line_1_2' title="bbox 201 373 1037 452; baseline -0.005 -19"><span class='ocrx_word' id='word_1_4' title='bbox 201 374 294 432; x_wconf 85' lang='lat' dir='ltr'><strong>XXL</strong></span> <span class='ocrx_word' id='word_1_5' title='bbox 345 374 498 452; x_wconf 75' lang='lat' dir='ltr'><strong>Suscipere</strong></span> <span class='ocrx_word' id='word_1_6' title='bbox 520 380 583 432; x_wconf 88' lang='lat' dir='ltr'><strong>tam</strong></span> <span class='ocrx_word' id='word_1_7' title='bbox 604 373 774 432; x_wconf 89' lang='lat' dir='ltr'><strong>inimicitias</strong></span> <span class='ocrx_word' id='word_1_8' title='bbox 796 391 847 430; x_wconf 89' lang='lat' dir='ltr'><strong>seu</strong></span> <span class='ocrx_word' id='word_1_9' title='bbox 868 373 961 450; x_wconf 85' lang='lat' dir='ltr'><strong>patris</strong></span> <span class='ocrx_word' id='word_1_10' title='bbox 985 391 1037 430; x_wconf 90' lang='lat' dir='ltr'><strong>seu</strong></span> 
     </span>
     <span class='ocr_line' id='line_1_3' title="bbox 142 470 1036 550; baseline -0.006 -19"><span class='ocrx_word' id='word_1_11' title='bbox 142 472 300 550; x_wconf 88' lang='lat' dir='ltr'><strong>propinqui</strong></span> <span class='ocrx_word' id='word_1_12' title='bbox 320 492 409 548; x_wconf 92' lang='lat' dir='ltr'><strong>quam</strong></span> <span class='ocrx_word' id='word_1_13' title='bbox 428 472 572 530; x_wconf 77' lang='lat' dir='ltr'><strong>amicitias</strong></span> <span class='ocrx_word' id='word_1_14' title='bbox 592 490 707 530; x_wconf 86' lang='lat' dir='ltr'><strong>necesse</strong></span> <span class='ocrx_word' id='word_1_15' title='bbox 727 476 779 529; x_wconf 85' lang='lat' dir='ltr'><strong>est</strong></span> <span class='ocrx_word' id='word_1_16' title='bbox 821 471 853 527; x_wconf 88' lang='lat' dir='ltr'>N</span> <span class='ocrx_word' id='word_1_17' title='bbox 855 489 886 528; x_wconf 86' lang='lat' dir='ltr'><strong>cc</strong></span> <span class='ocrx_word' id='word_1_18' title='bbox 899 470 1036 546; x_wconf 69' lang='lat' dir='ltr'><strong>implaca</strong></span> 
     </span>
    </p>
   </div>
   <div class='ocr_carea' id='block_1_3' title="bbox 142 567 1153 642">
    <p class='ocr_par' dir='ltr' id='par_1_3' title="bbox 142 567 1153 642">
     <span class='ocr_line' id='line_1_4' title="bbox 142 567 1153 642; baseline -0.002 -16"><span class='ocrx_word' id='word_1_19' title='bbox 142 571 216 627; x_wconf 88' lang='lat' dir='ltr'><strong>biles</strong></span> <span class='ocrx_word' id='word_1_20' title='bbox 239 569 348 626; x_wconf 87' lang='lat' dir='ltr'><strong>durant</strong></span> <span class='ocrx_word' id='word_1_21' title='bbox 359 589 368 642; x_wconf 89' lang='lat'>;</span> <span class='ocrx_word' id='word_1_22' title='bbox 398 569 493 626; x_wconf 86' lang='lat' dir='ltr'><strong>luitur</strong></span> <span class='ocrx_word' id='word_1_23' title='bbox 518 569 599 626; x_wconf 89' lang='lat' dir='ltr'><strong>enim</strong></span> <span class='ocrx_word' id='word_1_24' title='bbox 625 570 716 626; x_wconf 87' lang='lat' dir='ltr'><strong>etiam</strong></span> <span class='ocrx_word' id='word_1_25' title='bbox 741 567 933 625; x_wconf 83' lang='lat' dir='ltr'><strong>homicidium</strong></span> <span class='ocrx_word' id='word_1_26' title='bbox 957 574 1037 625; x_wconf 87' lang='lat' dir='ltr'><strong>certo</strong></span> <span class='ocrx_word' id='word_1_27' title='bbox 1151 633 1153 637; x_wconf 67' lang='lat'>,</span> 
     </span>
    </p>
   </div>
   <div class='ocr_carea' id='block_1_4' title="bbox 142 667 1075 3540">
    <p class='ocr_par' dir='ltr' id='par_1_4' title="bbox 142 667 1038 1998">
     <span class='ocr_line' id='line_1_5' title="bbox 142 667 1037 743; baseline 0.002 -21"><span class='ocrx_word' id='word_1_28' title='bbox 142 672 342 723; x_wconf 78' lang='lat' dir='ltr'><strong>armentorum</strong></span> <span class='ocrx_word' id='word_1_29' title='bbox 358 685 393 723; x_wconf 79' lang='lat' dir='ltr'><strong>ac</strong></span> <span class='ocrx_word' id='word_1_30' title='bbox 413 685 550 743; x_wconf 89' lang='lat' dir='ltr'><strong>pecorum</strong></span> <span class='ocrx_word' id='word_1_31' title='bbox 571 685 702 738; x_wconf 88' lang='lat' dir='ltr'><strong>numero,</strong></span> <span class='ocrx_word' id='word_1_32' title='bbox 725 667 888 743; x_wconf 80' lang='lat' dir='ltr'><strong>recipitque</strong></span> <span class='ocrx_word' id='word_1_33' title='bbox 909 667 1037 724; x_wconf 79' lang='lat' dir='ltr'><strong>satisfac·</strong></span> 
     </span>
     <span class='ocr_line' id='line_1_6' title="bbox 143 763 1037 840; baseline 0.001 -19"><span class='ocrx_word' id='word_1_34' title='bbox 143 765 255 821; x_wconf 90' lang='lat' dir='ltr'><strong>tionem</strong></span> <span class='ocrx_word' id='word_1_35' title='bbox 281 763 418 819; x_wconf 83' lang='lat' dir='ltr'><strong>universa</strong></span> <span class='ocrx_word' id='word_1_36' title='bbox 445 763 557 830; x_wconf 91' lang='lat' dir='ltr'><strong>domus,</strong></span> <span class='ocrx_word' id='word_1_37' title='bbox 581 763 696 820; x_wconf 85' lang='lat' dir='ltr'><strong>utiliter</strong></span> <span class='ocrx_word' id='word_1_38' title='bbox 722 764 755 820; x_wconf 91' lang='lat' dir='ltr'><strong>in</strong></span> <span class='ocrx_word' id='word_1_39' title='bbox 781 764 941 839; x_wconf 86' lang='lat' dir='ltr'><strong>publicum,</strong></span> <span class='ocrx_word' id='word_1_40' title='bbox 966 763 1037 840; x_wconf 82' lang='lat' dir='ltr'><strong>quia</strong></span> 
     </span>
     <span class='ocr_line' id='line_1_7' title="bbox 143 859 1037 936; baseline 0.002 -20"><span class='ocrx_word' id='word_1_41' title='bbox 143 859 360 936; x_wconf 80' lang='lat' dir='ltr'><strong>periculcsimes</strong></span> <span class='ocrx_word' id='word_1_42' title='bbox 373 865 443 916; x_wconf 89' lang='lat' dir='ltr'><strong>sunt</strong></span> <span class='ocrx_word' id='word_1_43' title='bbox 455 860 627 916; x_wconf 85' lang='lat' dir='ltr'><strong>inimicitiae</strong></span> <span class='ocrx_word' id='word_1_44' title='bbox 640 861 726 916; x_wconf 76' lang='lat' dir='ltr'><strong>iuxta</strong></span> <span class='ocrx_word' id='word_1_45' title='bbox 746 859 920 918; x_wconf 85' lang='lat' dir='ltr'><strong>libertatem</strong></span> <span class='ocrx_word' id='word_1_46' title='bbox 962 861 1037 919; x_wconf 78' lang='lat' dir='ltr'><strong>(lon-</strong></span> 
     </span>
     <span class='ocr_line' id='line_1_8' title="bbox 147 947 1034 1035; baseline 0.002 -21"><span class='ocrx_word' id='word_1_47' title='bbox 147 947 271 1016; x_wconf 84' lang='lat' dir='ltr'><strong>victibus</strong></span> <span class='ocrx_word' id='word_1_48' title='bbox 292 963 323 1015; x_wconf 90' lang='lat' dir='ltr'><strong>ct</strong></span> <span class='ocrx_word' id='word_1_49' title='bbox 343 957 477 1034; x_wconf 90' lang='lat' dir='ltr'><strong>hospitiis</strong></span> <span class='ocrx_word' id='word_1_50' title='bbox 496 977 561 1015; x_wconf 88' lang='lat' dir='ltr'><strong>non</strong></span> <span class='ocrx_word' id='word_1_51' title='bbox 583 959 640 1016; x_wconf 83' lang='lat' dir='ltr'><strong>alia</strong></span> <span class='ocrx_word' id='word_1_52' title='bbox 659 977 730 1034; x_wconf 87' lang='lat' dir='ltr'><strong>gens</strong></span> <span class='ocrx_word' id='word_1_53' title='bbox 752 959 871 1016; x_wconf 87' lang='lat' dir='ltr'><strong>effusius</strong></span> <span class='ocrx_word' id='word_1_54' title='bbox 893 959 1034 1035; x_wconf 72' lang='lat' dir='ltr'><strong>indulget.</strong></span> 
     </span>
     <span class='ocr_line' id='line_1_9' title="bbox 145 1053 1036 1130; baseline 0.002 -20"><span class='ocrx_word' id='word_1_55' title='bbox 145 1053 356 1130; x_wconf 81' lang='lat' dir='ltr'><strong>Quemcunque</strong></span> <span class='ocrx_word' id='word_1_56' title='bbox 375 1055 545 1112; x_wconf 74' lang='lat' dir='ltr'><strong>mortalium</strong></span> <span class='ocrx_word' id='word_1_57' title='bbox 565 1075 662 1113; x_wconf 85' lang='lat' dir='ltr'><strong>arcere</strong></span> <span class='ocrx_word' id='word_1_58' title='bbox 684 1061 763 1113; x_wconf 88' lang='lat' dir='ltr'><strong>tecto</strong></span> <span class='ocrx_word' id='word_1_59' title='bbox 786 1056 867 1112; x_wconf 88' lang='lat' dir='ltr'><strong>nefas</strong></span> <span class='ocrx_word' id='word_1_60' title='bbox 890 1055 1036 1126; x_wconf 80' lang='lat' dir='ltr'><strong>habetur3</strong></span> 
     </span>
     <span class='ocr_line' id='line_1_10' title="bbox 145 1149 1034 1227; baseline 0.004 -23"><span class='ocrx_word' id='word_1_61' title='bbox 145 1167 198 1224; x_wconf 92' lang='lat' dir='ltr'><strong>pro</strong></span> <span class='ocrx_word' id='word_1_62' title='bbox 210 1149 329 1205; x_wconf 80' lang='lat' dir='ltr'><strong>fortuna</strong></span> <span class='ocrx_word' id='word_1_63' title='bbox 348 1149 472 1226; x_wconf 86' lang='lat' dir='ltr'><strong>quisque</strong></span> <span class='ocrx_word' id='word_1_64' title='bbox 489 1152 637 1226; x_wconf 85' lang='lat' dir='ltr'><strong>apparatis</strong></span> <span class='ocrx_word' id='word_1_65' title='bbox 659 1151 752 1226; x_wconf 89' lang='lat' dir='ltr'><strong>epulis</strong></span> <span class='ocrx_word' id='word_1_66' title='bbox 774 1152 894 1227; x_wconf 77' lang='lat' dir='ltr'><strong>excipit.</strong></span> <span class='ocrx_word' id='word_1_67' title='bbox 938 1151 1034 1220; x_wconf 80' lang='lat' dir='ltr'><strong>Quum</strong></span> 
     </span>
     <span class='ocr_line' id='line_1_11' title="bbox 145 1244 1037 1324; baseline 0.003 -24"><span class='ocrx_word' id='word_1_68' title='bbox 145 1244 281 1315; x_wconf 85' lang='lat' dir='ltr'><strong>defecere,</strong></span> <span class='ocrx_word' id='word_1_69' title='bbox 296 1245 447 1320; x_wconf 76' lang='lat' dir='ltr'><strong>quintode</strong></span> <span class='ocrx_word' id='word_1_70' title='bbox 467 1247 571 1322; x_wconf 79' lang='lat' dir='ltr'><strong>hospes</strong></span> <span class='ocrx_word' id='word_1_71' title='bbox 590 1248 695 1319; x_wconf 85' lang='lat' dir='ltr'><strong>iuerat,</strong></span> <span class='ocrx_word' id='word_1_72' title='bbox 718 1253 897 1305; x_wconf 85' lang='lat' dir='ltr'><strong>monstrator</strong></span> <span class='ocrx_word' id='word_1_73' title='bbox 916 1247 1037 1324; x_wconf 88' lang='lat' dir='ltr'><strong>hospitii</strong></span> 
     </span>
     <span class='ocr_line' id='line_1_12' title="bbox 146 1343 1036 1418; baseline 0.002 -20"><span class='ocrx_word' id='word_1_74' title='bbox 146 1347 176 1398; x_wconf 86' lang='lat' dir='ltr'><strong>ct</strong></span> <span class='ocrx_word' id='word_1_75' title='bbox 198 1360 292 1399; x_wconf 89' lang='lat' dir='ltr'><strong>comes</strong></span> <span class='ocrx_word' id='word_1_76' title='bbox 304 1362 313 1414; x_wconf 83' lang='lat'>3</span> <span class='ocrx_word' id='word_1_77' title='bbox 347 1343 513 1418; x_wconf 78' lang='lat' dir='ltr'><strong>proximam</strong></span> <span class='ocrx_word' id='word_1_78' title='bbox 536 1344 655 1401; x_wconf 90' lang='lat' dir='ltr'><strong>domum</strong></span> <span class='ocrx_word' id='word_1_79' title='bbox 678 1363 739 1401; x_wconf 92' lang='lat' dir='ltr'><strong>non</strong></span> <span class='ocrx_word' id='word_1_80' title='bbox 765 1345 886 1401; x_wconf 85' lang='lat' dir='ltr'><strong>invitati</strong></span> <span class='ocrx_word' id='word_1_81' title='bbox 907 1345 1036 1413; x_wconf 87' lang='lat' dir='ltr'><strong>adeunt;</strong></span> 
     </span>
     <span class='ocr_line' id='line_1_13' title="bbox 146 1439 1037 1516; baseline 0.002 -22"><span class='ocrx_word' id='word_1_82' title='bbox 146 1457 201 1496; x_wconf 88' lang='lat' dir='ltr'><strong>nec</strong></span> <span class='ocrx_word' id='word_1_83' title='bbox 225 1439 348 1496; x_wconf 84' lang='lat' dir='ltr'><strong>interest</strong></span> <span class='ocrx_word' id='word_1_84' title='bbox 359 1459 369 1511; x_wconf 78' lang='lat'><em>3</em></span> <span class='ocrx_word' id='word_1_85' title='bbox 398 1440 462 1514; x_wconf 84' lang='lat' dir='ltr'><strong>pari</strong></span> <span class='ocrx_word' id='word_1_86' title='bbox 485 1440 671 1498; x_wconf 85' lang='lat' dir='ltr'><strong>humanitate</strong></span> <span class='ocrx_word' id='word_1_87' title='bbox 693 1441 898 1516; x_wconf 87' lang='lat' dir='ltr'><strong>accipiuntur;</strong></span> <span class='ocrx_word' id='word_1_88' title='bbox 932 1447 1037 1498; x_wconf 88' lang='lat' dir='ltr'><strong>notum</strong></span> 
     </span>
     <span class='ocr_line' id='line_1_14' title="bbox 146 1535 1034 1612; baseline 0.005 -21"><span class='ocrx_word' id='word_1_89' title='bbox 146 1536 336 1612; x_wconf 84' lang='lat' dir='ltr'><strong>ignotumque</strong></span> <span class='ocrx_word' id='word_1_90' title='bbox 353 1542 498 1610; x_wconf 86' lang='lat' dir='ltr'><strong>quantum</strong></span> <span class='ocrx_word' id='word_1_91' title='bbox 519 1537 557 1592; x_wconf 86' lang='lat' dir='ltr'><strong>ad</strong></span> <span class='ocrx_word' id='word_1_92' title='bbox 577 1535 624 1600; x_wconf 88' lang='lat' dir='ltr'><strong>ius</strong></span> <span class='ocrx_word' id='word_1_93' title='bbox 640 1535 763 1611; x_wconf 89' lang='lat' dir='ltr'><strong>hospitis</strong></span> <span class='ocrx_word' id='word_1_94' title='bbox 783 1555 868 1593; x_wconf 89' lang='lat' dir='ltr'><strong>nemo</strong></span> <span class='ocrx_word' id='word_1_95' title='bbox 888 1537 1034 1596; x_wconf 85' lang='lat' dir='ltr'><strong>discemit.</strong></span> 
     </span>
     <span class='ocr_line' id='line_1_15' title="bbox 146 1630 1038 1708; baseline 0 -19"><span class='ocrx_word' id='word_1_96' title='bbox 146 1631 288 1703; x_wconf 83' lang='lat' dir='ltr'><strong>Abeunti‚</strong></span> <span class='ocrx_word' id='word_1_97' title='bbox 310 1630 336 1687; x_wconf 90' lang='lat' dir='ltr'><strong>si</strong></span> <span class='ocrx_word' id='word_1_98' title='bbox 355 1632 427 1706; x_wconf 90' lang='lat' dir='ltr'><strong>quid</strong></span> <span class='ocrx_word' id='word_1_99' title='bbox 444 1633 614 1707; x_wconf 80' lang='lat' dir='ltr'><strong>poposcerit,</strong></span> <span class='ocrx_word' id='word_1_100' title='bbox 636 1633 791 1689; x_wconf 88' lang='lat' dir='ltr'><strong>concedere</strong></span> <span class='ocrx_word' id='word_1_101' title='bbox 813 1633 909 1705; x_wconf 85' lang='lat' dir='ltr'><strong>moris,</strong></span> <span class='ocrx_word' id='word_1_102' title='bbox 925 1639 955 1690; x_wconf 90' lang='lat' dir='ltr'><strong>et</strong></span> <span class='ocrx_word' id='word_1_103' title='bbox 974 1652 1038 1708; x_wconf 90' lang='lat' dir='ltr'><strong>pos·</strong></span> 
     </span>
     <span class='ocr_line' id='line_1_16' title="bbox 146 1728 1035 1801; baseline 0 -15"><span class='ocrx_word' id='word_1_104' title='bbox 146 1728 231 1786; x_wconf 83' lang='lat' dir='ltr'><strong>cendi</strong></span> <span class='ocrx_word' id='word_1_105' title='bbox 253 1729 380 1785; x_wconf 78' lang='lat' dir='ltr'><strong>invicem</strong></span> <span class='ocrx_word' id='word_1_106' title='bbox 400 1729 501 1784; x_wconf 87' lang='lat' dir='ltr'><strong>eadem</strong></span> <span class='ocrx_word' id='word_1_107' title='bbox 520 1729 652 1788; x_wconf 75' lang='lat' dir='ltr'><strong>facilitas.</strong></span> <span class='ocrx_word' id='word_1_108' title='bbox 702 1728 840 1786; x_wconf 81' lang='lat' dir='ltr'><strong>Gaudent</strong></span> <span class='ocrx_word' id='word_1_109' title='bbox 857 1729 1035 1801; x_wconf 84' lang='lat' dir='ltr'><strong>muneribus,</strong></span> 
     </span>
     <span class='ocr_line' id='line_1_17' title="bbox 147 1824 1038 1900; baseline -0.001 -19"><span class='ocrx_word' id='word_1_110' title='bbox 147 1825 198 1881; x_wconf 87' lang='lat' dir='ltr'><strong>sed</strong></span> <span class='ocrx_word' id='word_1_111' title='bbox 210 1843 264 1882; x_wconf 87' lang='lat' dir='ltr'><strong>nec</strong></span> <span class='ocrx_word' id='word_1_112' title='bbox 278 1825 347 1881; x_wconf 85' lang='lat' dir='ltr'><strong>data</strong></span> <span class='ocrx_word' id='word_1_113' title='bbox 359 1824 509 1899; x_wconf 85' lang='lat' dir='ltr'><strong>imputant</strong></span> <span class='ocrx_word' id='word_1_114' title='bbox 522 1843 575 1881; x_wconf 90' lang='lat' dir='ltr'><strong>nec</strong></span> <span class='ocrx_word' id='word_1_115' title='bbox 585 1824 711 1900; x_wconf 87' lang='lat' dir='ltr'><strong>acceptis</strong></span> <span class='ocrx_word' id='word_1_116' title='bbox 721 1824 896 1900; x_wconf 80' lang='lat' dir='ltr'><strong>obligantur.</strong></span> <span class='ocrx_word' id='word_1_117' title='bbox 930 1825 1038 1881; x_wconf 86' lang='lat' dir='ltr'><strong>Victus</strong></span> 
     </span>
     <span class='ocr_line' id='line_1_18' title="bbox 146 1913 500 1998; baseline -0.006 -18"><span class='ocrx_word' id='word_1_118' title='bbox 146 1925 226 1980; x_wconf 81' lang='lat' dir='ltr'><strong>inter</strong></span> <span class='ocrx_word' id='word_1_119' title='bbox 238 1922 366 1998; x_wconf 87' lang='lat' dir='ltr'><strong>hospites</strong></span> <span class='ocrx_word' id='word_1_120' title='bbox 379 1923 475 1980; x_wconf 90' lang='lat' dir='ltr'><strong>comis.</strong></span> <span class='ocrx_word' id='word_1_121' title='bbox 495 1913 500 1919; x_wconf 69' lang='grc'><strong>’</strong></span> 
     </span>
    </p>

    <p class='ocr_par' dir='ltr' id='par_1_5' title="bbox 147 2017 1075 3540">
     <span class='ocr_line' id='line_1_19' title="bbox 205 2017 1034 2094; baseline 0.001 -19"><span class='ocrx_word' id='word_1_122' title='bbox 205 2017 316 2077; x_wconf 89' lang='grc' dir='ltr'><strong>ΧΧΙΙ.</strong></span> <span class='ocrx_word' id='word_1_123' title='bbox 369 2017 477 2074; x_wconf 82' lang='lat' dir='ltr'><strong>Statim</strong></span> <span class='ocrx_word' id='word_1_124' title='bbox 503 2037 521 2076; x_wconf 89' lang='lat' dir='ltr'><strong>e</strong></span> <span class='ocrx_word' id='word_1_125' title='bbox 547 2035 656 2089; x_wconf 85' lang='lat' dir='ltr'><strong>somno,</strong></span> <span class='ocrx_word' id='word_1_126' title='bbox 685 2036 773 2094; x_wconf 90' lang='lat' dir='ltr'><strong>quem</strong></span> <span class='ocrx_word' id='word_1_127' title='bbox 800 2017 974 2094; x_wconf 87' lang='lat' dir='ltr'><strong>plerumque</strong></span> <span class='ocrx_word' id='word_1_128' title='bbox 1001 2020 1034 2076; x_wconf 89' lang='lat' dir='ltr'><strong>in</strong></span> 
     </span>
     <span class='ocr_line' id='line_1_20' title="bbox 147 2097 1038 2190; baseline 0.001 -19"><span class='ocrx_word' id='word_1_129' title='bbox 147 2114 225 2171; x_wconf 86' lang='lat' dir='ltr'><strong>diem</strong></span> <span class='ocrx_word' id='word_1_130' title='bbox 239 2113 407 2185; x_wconf 83' lang='lat' dir='ltr'><strong>extrahunt,</strong></span> <span class='ocrx_word' id='word_1_131' title='bbox 419 2113 565 2185; x_wconf 83' lang='lat' dir='ltr'><strong>lavantur,</strong></span> <span class='ocrx_word' id='word_1_132' title='bbox 581 2114 695 2189; x_wconf 86' lang='lat' dir='ltr'><strong>saepius</strong></span> <span class='ocrx_word' id='word_1_133' title='bbox 708 2097 808 2186; x_wconf 83' lang='lat' dir='ltr'><strong>calida,</strong></span> <span class='ocrx_word' id='word_1_134' title='bbox 823 2123 860 2171; x_wconf 85' lang='lat' dir='ltr'><strong>ut</strong></span> <span class='ocrx_word' id='word_1_135' title='bbox 872 2116 951 2190; x_wconf 92' lang='lat' dir='ltr'><strong>apud</strong></span> <span class='ocrx_word' id='word_1_136' title='bbox 964 2134 1038 2190; x_wconf 91' lang='lat' dir='ltr'><strong>quos</strong></span> 
     </span>
     <span class='ocr_line' id='line_1_21' title="bbox 147 2209 1039 2287; baseline 0.002 -21"><span class='ocrx_word' id='word_1_137' title='bbox 147 2211 308 2286; x_wconf 85' lang='lat' dir='ltr'><strong>plurimum</strong></span> <span class='ocrx_word' id='word_1_138' title='bbox 339 2209 433 2266; x_wconf 90' lang='lat' dir='ltr'><strong>hiems</strong></span> <span class='ocrx_word' id='word_1_139' title='bbox 465 2215 594 2285; x_wconf 88' lang='lat' dir='ltr'><strong>occupat.</strong></span> <span class='ocrx_word' id='word_1_140' title='bbox 650 2209 740 2267; x_wconf 86' lang='lat' dir='ltr'><strong>Lauti</strong></span> <span class='ocrx_word' id='word_1_141' title='bbox 770 2210 868 2267; x_wconf 90' lang='lat' dir='ltr'><strong>cibum</strong></span> <span class='ocrx_word' id='word_1_142' title='bbox 899 2211 1039 2287; x_wconf 85' lang='lat' dir='ltr'><strong>capiunt3</strong></span> 
     </span>
     <span class='ocr_line' id='line_1_22' title="bbox 148 2307 1037 2384; baseline 0 -20"><span class='ocrx_word' id='word_1_143' title='bbox 148 2315 296 2383; x_wconf 82' lang='lat' dir='ltr'><strong>separatae</strong></span> <span class='ocrx_word' id='word_1_144' title='bbox 317 2307 439 2383; x_wconf 77' lang='lat' dir='ltr'><strong>singulis</strong></span> <span class='ocrx_word' id='word_1_145' title='bbox 461 2307 541 2364; x_wconf 87' lang='lat' dir='ltr'><strong>sedes</strong></span> <span class='ocrx_word' id='word_1_146' title='bbox 564 2311 594 2364; x_wconf 85' lang='lat' dir='ltr'><strong>et</strong></span> <span class='ocrx_word' id='word_1_147' title='bbox 617 2325 669 2364; x_wconf 85' lang='lat' dir='ltr'><strong>sua</strong></span> <span class='ocrx_word' id='word_1_148' title='bbox 690 2307 795 2384; x_wconf 88' lang='lat' dir='ltr'><strong>cuique</strong></span> <span class='ocrx_word' id='word_1_149' title='bbox 811 2326 917 2364; x_wconf 83' lang='lat' dir='ltr'><strong>mensa</strong></span> <span class='ocrx_word' id='word_1_150' title='bbox 960 2307 1037 2364; x_wconf 83' lang='lat' dir='ltr'><strong>Tum</strong></span> 
     </span>
     <span class='ocr_line' id='line_1_23' title="bbox 148 2404 1039 2480; baseline 0 -18"><span class='ocrx_word' id='word_1_151' title='bbox 148 2406 185 2462; x_wconf 83' lang='lat' dir='ltr'><strong>sd</strong></span> <span class='ocrx_word' id='word_1_152' title='bbox 211 2405 328 2480; x_wconf 86' lang='lat' dir='ltr'><strong>negotia</strong></span> <span class='ocrx_word' id='word_1_153' title='bbox 354 2423 408 2461; x_wconf 89' lang='lat' dir='ltr'><strong>nec</strong></span> <span class='ocrx_word' id='word_1_154' title='bbox 435 2405 533 2460; x_wconf 88' lang='lat' dir='ltr'><strong>minus</strong></span> <span class='ocrx_word' id='word_1_155' title='bbox 556 2421 643 2480; x_wconf 87' lang='lat' dir='ltr'><strong>saepe</strong></span> <span class='ocrx_word' id='word_1_156' title='bbox 663 2404 701 2461; x_wconf 89' lang='lat' dir='ltr'><strong>ad</strong></span> <span class='ocrx_word' id='word_1_157' title='bbox 722 2405 857 2461; x_wconf 87' lang='lat' dir='ltr'><strong>convivia</strong></span> <span class='ocrx_word' id='word_1_158' title='bbox 877 2405 1039 2480; x_wconf 87' lang='lat' dir='ltr'><strong>procedunt</strong></span> 
     </span>
     <span class='ocr_line' id='line_1_24' title="bbox 148 2499 1039 2578; baseline 0.001 -19"><span class='ocrx_word' id='word_1_159' title='bbox 148 2502 261 2559; x_wconf 84' lang='lat' dir='ltr'><strong>armati.</strong></span> <span class='ocrx_word' id='word_1_160' title='bbox 314 2499 402 2558; x_wconf 90' lang='lat' dir='ltr'><strong>Diem</strong></span> <span class='ocrx_word' id='word_1_161' title='bbox 425 2508 599 2578; x_wconf 89' lang='lat' dir='ltr'><strong>noctemque</strong></span> <span class='ocrx_word' id='word_1_162' title='bbox 623 2502 794 2560; x_wconf 87' lang='lat' dir='ltr'><strong>continuare</strong></span> <span class='ocrx_word' id='word_1_163' title='bbox 815 2504 943 2578; x_wconf 84' lang='lat' dir='ltr'><strong>potando</strong></span> <span class='ocrx_word' id='word_1_164' title='bbox 962 2503 1039 2560; x_wconf 90' lang='lat' dir='ltr'><strong>nulli</strong></span> 
     </span>
     <span class='ocr_line' id='line_1_25' title="bbox 148 2597 1039 2675; baseline 0.002 -21"><span class='ocrx_word' id='word_1_165' title='bbox 148 2599 295 2675; x_wconf 84' lang='lat' dir='ltr'><strong>probrum.</strong></span> <span class='ocrx_word' id='word_1_166' title='bbox 352 2597 485 2669; x_wconf 83' lang='lat' dir='ltr'><strong>Orebrae,</strong></span> <span class='ocrx_word' id='word_1_167' title='bbox 509 2603 545 2654; x_wconf 90' lang='lat' dir='ltr'><strong>ut</strong></span> <span class='ocrx_word' id='word_1_168' title='bbox 571 2599 650 2654; x_wconf 88' lang='lat' dir='ltr'><strong>inter</strong></span> <span class='ocrx_word' id='word_1_169' title='bbox 670 2598 843 2669; x_wconf 86' lang='lat' dir='ltr'><strong>vinolentos,</strong></span> <span class='ocrx_word' id='word_1_170' title='bbox 867 2600 949 2656; x_wconf 85' lang='lat' dir='ltr'><strong>rixae</strong></span> <span class='ocrx_word' id='word_1_171' title='bbox 971 2619 1039 2656; x_wconf 89' lang='lat' dir='ltr'><strong>raro</strong></span> 
     </span>
     <span class='ocr_line' id='line_1_26' title="bbox 149 2694 1037 2771; baseline 0.001 -18"><span class='ocrx_word' id='word_1_172' title='bbox 149 2697 296 2769; x_wconf 89' lang='lat' dir='ltr'><strong>conviciis,</strong></span> <span class='ocrx_word' id='word_1_173' title='bbox 325 2697 439 2771; x_wconf 84' lang='lat' dir='ltr'><strong>saepius</strong></span> <span class='ocrx_word' id='word_1_174' title='bbox 465 2697 553 2752; x_wconf 88' lang='lat' dir='ltr'><strong>caede</strong></span> <span class='ocrx_word' id='word_1_175' title='bbox 576 2700 607 2752; x_wconf 90' lang='lat' dir='ltr'><strong>ct</strong></span> <span class='ocrx_word' id='word_1_176' title='bbox 628 2694 799 2751; x_wconf 80' lang='lat' dir='ltr'><strong>viilneribus</strong></span> <span class='ocrx_word' id='word_1_177' title='bbox 825 2696 1037 2770; x_wconf 86' lang='lat' dir='ltr'><strong>transiguntur.</strong></span> 
     </span>
     <span class='ocr_line' id='line_1_27' title="bbox 150 2791 1075 2870; baseline -0.001 -20"><span class='ocrx_word' id='word_1_178' title='bbox 150 2794 208 2852; x_wconf 83' lang='lat' dir='ltr'><strong>Sed</strong></span> <span class='ocrx_word' id='word_1_179' title='bbox 222 2799 252 2849; x_wconf 89' lang='lat' dir='ltr'><strong>et</strong></span> <span class='ocrx_word' id='word_1_180' title='bbox 265 2794 302 2849; x_wconf 87' lang='lat' dir='ltr'><strong>de</strong></span> <span class='ocrx_word' id='word_1_181' title='bbox 315 2792 534 2848; x_wconf 86' lang='lat' dir='ltr'><strong>reconciliandis</strong></span> <span class='ocrx_word' id='word_1_182' title='bbox 547 2792 673 2847; x_wconf 84' lang='lat' dir='ltr'><strong>invicem</strong></span> <span class='ocrx_word' id='word_1_183' title='bbox 686 2791 814 2846; x_wconf 89' lang='lat' dir='ltr'><strong>inimicis</strong></span> <span class='ocrx_word' id='word_1_184' title='bbox 835 2797 865 2846; x_wconf 88' lang='lat' dir='ltr'><strong>et</strong></span> <span class='ocrx_word' id='word_1_185' title='bbox 885 2791 1040 2865; x_wconf 86' lang='lat' dir='ltr'><strong>iungendis</strong></span> <span class='ocrx_word' id='word_1_186' title='bbox 1074 2865 1075 2870; x_wconf 7' lang='grc' dir='ltr'>ἵ</span> 
     </span>
     <span class='ocr_line' id='line_1_28' title="bbox 149 2886 1040 2962; baseline -0.006 -15"><span class='ocrx_word' id='word_1_187' title='bbox 149 2891 341 2948; x_wconf 82' lang='lat' dir='ltr'><strong>affinitatibus</strong></span> <span class='ocrx_word' id='word_1_188' title='bbox 351 2895 381 2946; x_wconf 87' lang='lat' dir='ltr'><strong>et</strong></span> <span class='ocrx_word' id='word_1_189' title='bbox 394 2888 565 2946; x_wconf 84' lang='lat' dir='ltr'><strong>asciscendis</strong></span> <span class='ocrx_word' id='word_1_190' title='bbox 579 2886 765 2962; x_wconf 87' lang='lat' dir='ltr'><strong>principibus,</strong></span> <span class='ocrx_word' id='word_1_191' title='bbox 782 2887 818 2942; x_wconf 91' lang='lat' dir='ltr'><strong>de</strong></span> <span class='ocrx_word' id='word_1_192' title='bbox 831 2905 900 2961; x_wconf 87' lang='lat' dir='ltr'><strong>pace</strong></span> <span class='ocrx_word' id='word_1_193' title='bbox 915 2887 1040 2961; x_wconf 87' lang='lat' dir='ltr'><strong>denique</strong></span> 
     </span>
     <span class='ocr_line' id='line_1_29' title="bbox 149 2981 1041 3060; baseline -0.01 -16"><span class='ocrx_word' id='word_1_194' title='bbox 149 3005 183 3044; x_wconf 87' lang='lat' dir='ltr'><strong>ac</strong></span> <span class='ocrx_word' id='word_1_195' title='bbox 196 2985 273 3042; x_wconf 89' lang='lat' dir='ltr'><strong>bello</strong></span> <span class='ocrx_word' id='word_1_196' title='bbox 287 2985 458 3060; x_wconf 85' lang='lat' dir='ltr'><strong>plerumque</strong></span> <span class='ocrx_word' id='word_1_197' title='bbox 478 2983 511 3038; x_wconf 90' lang='lat' dir='ltr'><strong>in</strong></span> <span class='ocrx_word' id='word_1_198' title='bbox 528 2982 670 3039; x_wconf 83' lang='lat' dir='ltr'><strong>conviviis</strong></span> <span class='ocrx_word' id='word_1_199' title='bbox 689 2981 865 3052; x_wconf 87' lang='lat' dir='ltr'><strong>consultant,</strong></span> <span class='ocrx_word' id='word_1_200' title='bbox 889 2985 1041 3056; x_wconf 81' lang='lat' dir='ltr'><strong>tamquam</strong></span> 
     </span>
     <span class='ocr_line' id='line_1_30' title="bbox 150 3079 1041 3155; baseline -0.007 -16"><span class='ocrx_word' id='word_1_201' title='bbox 150 3083 232 3139; x_wconf 91' lang='lat' dir='ltr'><strong>nullo</strong></span> <span class='ocrx_word' id='word_1_202' title='bbox 258 3081 350 3155; x_wconf 85' lang='lat' dir='ltr'><strong>magis</strong></span> <span class='ocrx_word' id='word_1_203' title='bbox 375 3085 507 3155; x_wconf 88' lang='lat' dir='ltr'><strong>tempore</strong></span> <span class='ocrx_word' id='word_1_204' title='bbox 533 3084 586 3135; x_wconf 86' lang='lat' dir='ltr'><strong>aut</strong></span> <span class='ocrx_word' id='word_1_205' title='bbox 612 3079 649 3135; x_wconf 86' lang='lat' dir='ltr'><strong>ad</strong></span> <span class='ocrx_word' id='word_1_206' title='bbox 676 3079 821 3154; x_wconf 86' lang='lat' dir='ltr'><strong>simplices</strong></span> <span class='ocrx_word' id='word_1_207' title='bbox 852 3079 1041 3153; x_wconf 86' lang='lat' dir='ltr'><strong>cogitationes</strong></span> 
     </span>
     <span class='ocr_line' id='line_1_31' title="bbox 150 3174 1042 3258; baseline -0.009 -20"><span class='ocrx_word' id='word_1_208' title='bbox 150 3186 251 3258; x_wconf 85' lang='lat' dir='ltr'><strong>pateat</strong></span> <span class='ocrx_word' id='word_1_209' title='bbox 271 3180 393 3250; x_wconf 87' lang='lat' dir='ltr'><strong>animus,</strong></span> <span class='ocrx_word' id='word_1_210' title='bbox 415 3177 525 3234; x_wconf 85' lang='lat' dir='ltr'><strong>autad</strong></span> <span class='ocrx_word' id='word_1_211' title='bbox 545 3195 664 3250; x_wconf 84' lang='lat' dir='ltr'><strong>magnas</strong></span> <span class='ocrx_word' id='word_1_212' title='bbox 683 3175 846 3232; x_wconf 88' lang='lat' dir='ltr'><strong>incalescat.</strong></span> <span class='ocrx_word' id='word_1_213' title='bbox 881 3174 968 3258; x_wconf 79' lang='lat' dir='ltr'><strong>¹Gens</strong></span> <span class='ocrx_word' id='word_1_214' title='bbox 981 3193 1042 3230; x_wconf 89' lang='lat' dir='ltr'><strong>non</strong></span> 
     </span>
     <span class='ocr_line' id='line_1_32' title="bbox 151 3269 1043 3348; baseline -0.01 -15"><span class='ocrx_word' id='word_1_215' title='bbox 151 3282 250 3334; x_wconf 86' lang='lat' dir='ltr'><strong>astuta</strong></span> <span class='ocrx_word' id='word_1_216' title='bbox 263 3293 315 3331; x_wconf 86' lang='lat' dir='ltr'><strong>nec</strong></span> <span class='ocrx_word' id='word_1_217' title='bbox 328 3273 433 3330; x_wconf 80' lang='lat' dir='ltr'><strong>callida</strong></span> <span class='ocrx_word' id='word_1_218' title='bbox 445 3273 538 3348; x_wconf 76' lang='lat' dir='ltr'><strong>aperit</strong></span> <span class='ocrx_word' id='word_1_219' title='bbox 551 3271 646 3328; x_wconf 86' lang='lat' dir='ltr'><strong>adhuc</strong></span> <span class='ocrx_word' id='word_1_220' title='bbox 659 3277 770 3328; x_wconf 85' lang='lat' dir='ltr'><strong>secreta</strong></span> <span class='ocrx_word' id='word_1_221' title='bbox 782 3271 907 3346; x_wconf 88' lang='lat' dir='ltr'><strong>pectoris</strong></span> <span class='ocrx_word' id='word_1_222' title='bbox 924 3269 1043 3326; x_wconf 87' lang='lat' dir='ltr'><strong>licentia</strong></span> 
     </span>
     <span class='ocr_line' id='line_1_33' title="bbox 151 3367 1043 3446; baseline -0.01 -16"><span class='ocrx_word' id='word_1_223' title='bbox 151 3373 215 3430; x_wconf 87' lang='lat' dir='ltr'><strong>ioci.</strong></span> <span class='ocrx_word' id='word_1_224' title='bbox 258 3371 337 3446; x_wconf 86' lang='lat' dir='ltr'><strong>Ergo</strong></span> <span class='ocrx_word' id='word_1_225' title='bbox 360 3369 474 3426; x_wconf 87' lang='lat' dir='ltr'><strong>detecta</strong></span> <span class='ocrx_word' id='word_1_226' title='bbox 494 3373 525 3425; x_wconf 89' lang='lat' dir='ltr'><strong>et</strong></span> <span class='ocrx_word' id='word_1_227' title='bbox 544 3367 625 3424; x_wconf 84' lang='lat' dir='ltr'><strong>nuda</strong></span> <span class='ocrx_word' id='word_1_228' title='bbox 645 3367 777 3424; x_wconf 88' lang='lat' dir='ltr'><strong>omnium</strong></span> <span class='ocrx_word' id='word_1_229' title='bbox 796 3385 878 3422; x_wconf 90' lang='lat' dir='ltr'><strong>mens</strong></span> <span class='ocrx_word' id='word_1_230' title='bbox 890 3385 900 3438; x_wconf 90' lang='lat'>;</span> <span class='ocrx_word' id='word_1_231' title='bbox 927 3370 1043 3440; x_wconf 86' lang='lat' dir='ltr'><strong>postera</strong></span> 
     </span>
     <span class='ocr_line' id='line_1_34' title="bbox 153 3461 1042 3540; baseline -0.008 -15"><span class='ocrx_word' id='word_1_232' title='bbox 153 3469 200 3525; x_wconf 89' lang='lat' dir='ltr'><strong>die</strong></span> <span class='ocrx_word' id='word_1_233' title='bbox 213 3471 397 3535; x_wconf 84' lang='lat' dir='ltr'><strong>retractatur,</strong></span> <span class='ocrx_word' id='word_1_234' title='bbox 413 3470 444 3521; x_wconf 88' lang='lat' dir='ltr'><strong>et</strong></span> <span class='ocrx_word' id='word_1_235' title='bbox 457 3463 536 3522; x_wconf 80' lang='lat' dir='ltr'><strong>salva</strong></span> <span class='ocrx_word' id='word_1_236' title='bbox 550 3463 704 3540; x_wconf 87' lang='lat' dir='ltr'><strong>utriusque</strong></span> <span class='ocrx_word' id='word_1_237' title='bbox 721 3463 861 3538; x_wconf 85' lang='lat' dir='ltr'><strong>temporis</strong></span> <span class='ocrx_word' id='word_1_238' title='bbox 880 3461 958 3520; x_wconf 88' lang='lat' dir='ltr'><strong>ratio</strong></span> <span class='ocrx_word' id='word_1_239' title='bbox 976 3468 1042 3533; x_wconf 87' lang='lat' dir='ltr'><strong>est;</strong></span> 
     </span>
    </p>
   </div>
   <div class='ocr_carea' id='block_1_5' title="bbox 0 0 1239 3784">
    <p class='ocr_par' dir='ltr' id='par_1_6' title="bbox 0 0 1239 3784">
     <span class='ocr_line' id='line_1_35' title="bbox 0 0 1239 3784; baseline 0 0"><span class='ocrx_word' id='word_1_240' title='bbox 0 0 1239 3784; x_wconf 95' lang='lat' dir='ltr'><strong> </strong></span> 
     </span>
    </p>
   </div>
  </div>
 </body>
</html>
