2446 3784
387 241 605 313 suanam
633 249 806 310 VL—XV.
1037 251 1055 308 9
1118 303 1121 314 .

225 380 314 439 XIV.
359 380 457 450 Quum
483 385 607 436 ventum
633 379 666 435 in
693 379 792 447 aciem,
819 384 906 454 turpe
929 377 1056 456 principi

164 481 277 537 virtute
297 478 384 549 vinci,
403 485 489 553 turpe
507 476 660 534 comitatui
679 476 822 532 virtutem
838 474 979 552 principis
997 494 1056 531 non

164 575 335 650 adaequare.
379 573 445 630 Iam
471 591 541 628 vero
567 572 676 628 infame
703 571 735 626 in
763 589 878 626 omnem
904 571 996 626 vitam
1024 589 1057 628 ac

166 670 337 745 probrosum
351 667 537 744 superstitem
550 666 676 742 principi
689 685 741 722 suo
762 685 800 722 ex
819 666 880 722 acie
900 667 1054 723 recessisse.

168 766 260 822 Illum
275 765 438 836 defendere,
453 764 540 836 tueri,
555 782 608 820 sua
622 783 738 839 quoque
756 763 843 820 fortia
859 763 935 820 facta
948 763 1058 838 gloriae

167 863 231 920 eius
253 861 400 937 assignare
420 842 610 936 praecipuum
631 866 846 916 sacramentum
867 865 918 916 est.
975 859 1059 916 Prin-

168 959 246 1034 cipes
263 979 316 1034 pro
334 957 459 1014 victoria
477 962 618 1032 pugnant,
638 955 757 1012 comitas
778 973 831 1030 pro
847 955 984 1031 principe.
1027 956 1060 1014 Si

169 1057 279 1128 civitas,
299 1057 332 1112 in
352 1073 410 1131 qua
432 1056 490 1111 orti
514 1062 592 1124 sunt,
615 1052 702 1128 longa
721 1069 792 1127 pace
812 1057 843 1108 et
861 1051 922 1108 otio
935 1057 1057 1127 torpeat,
1101 1095 1104 1102 .

168 1153 300 1230 plerique
313 1152 457 1210 nobilium
470 1150 696 1208 adolescentium
716 1154 822 1224 petunt
842 1147 921 1204 ultro
942 1167 990 1205 eas
1009 1168 1060 1204 na

170 1251 272 1321 tiones,
292 1269 366 1326 quae
388 1256 454 1306 tum
474 1247 587 1304 bellum
606 1245 724 1321 aliquod
740 1253 854 1321 gerunt,
876 1246 947 1320 quia
967 1251 997 1302 et
1018 1246 1062 1302 in-

169 1351 253 1421 grata
265 1347 348 1422 genti
361 1346 453 1421 quies,
468 1349 499 1400 et
511 1343 625 1400 facilius
638 1343 717 1399 inter
730 1343 870 1417 ancipitia
890 1342 1059 1414 clarescunt,

160 1440 366 1518 ¹magnumque
387 1441 559 1499 comitatum
579 1457 639 1494 non
657 1437 715 1493 nisi
730 1439 762 1494 vi
777 1438 911 1514 belloque
929 1444 1060 1498 tuentur.

172 1537 306 1612 Exigunt
327 1537 407 1594 enirn
430 1536 571 1612 principis
593 1535 640 1590 sui
663 1535 841 1590 liberalitate
862 1535 947 1592 illum
973 1535 1062 1593 bella·

170 1640 266 1690 torem
284 1651 400 1708 equum,
414 1631 497 1687 illam
517 1635 668 1687 cruentam
690 1629 894 1706 victricemque
913 1631 1063 1692 frameam.

171 1729 251 1786 Nam
270 1728 380 1804 epulae,
400 1732 431 1783 et
449 1744 629 1802 quamquam
646 1726 788 1800 incompti
808 1727 881 1802 largi
897 1733 996 1784 tamen
1015 1749 1063 1805 ap

171 1834 299 1906 paratus,
313 1846 367 1904 pro
381 1826 526 1902 stipendio
539 1827 654 1886 cedunt.
707 1826 834 1884 Materia
846 1829 1064 1887 munificentiae

171 1943 224 2002 per
237 1925 314 1981 bella
330 1929 361 1980 ct
376 1928 486 1998 raptus
530 1923 594 1980 Nec
607 1941 690 1991 arare
703 1929 812 1980 terram
826 1930 880 1980 aut
897 1931 1064 2001 exspectare

171 2040 283 2078 annum
296 2025 358 2076 tam
376 2019 461 2076 facile
480 2019 655 2094 persuaseris
671 2039 760 2095 quam
779 2039 883 2079 vocare
902 2021 1016 2080 hostem
1034 2029 1065 2081 et

171 2118 297 2175 vulnera
313 2117 426 2176 mereri
463 2115 588 2192 Pigrum
605 2117 679 2192 quin
694 2116 786 2173 immo
805 2123 835 2174 et
855 2119 934 2176 iners
946 2120 1066 2178 videtur

173 2214 278 2271 sudore
291 2214 448 2290 acquirere,
463 2211 542 2289 quod
555 2214 647 2288 possis
660 2213 801 2289 sanguine
814 2233 923 2290 parare.

233 2307 306 2366 XV.
351 2308 494 2378 Quotiens
507 2308 585 2366 bella
598 2327 658 2366 non
676 2295 790 2380 ineunt,
809 2310 937 2367 multum
956 2313 1066 2369 venati-

177 2406 237 2475 bus,
252 2405 319 2480 plus
336 2424 390 2480 per
406 2405 501 2462 otium
517 2405 686 2481 transigunt
702 2405 795 2462 dediti
815 2425 916 2464 somno
935 2408 1064 2484 ciboque,

174 2503 348 2560 fortissimus
362 2503 485 2579 quisque
506 2521 539 2560 sc
559 2502 793 2561 bellicosissimus
813 2503 888 2560 nihil
909 2523 1003 2580 agens,
1019 2507 1067 2562 de-

174 2601 272 2674 legata
293 2599 395 2656 domus
420 2605 450 2656 et
473 2601 625 2674 penatium
647 2605 678 2656 ct
699 2619 835 2674 agrorum
859 2619 928 2657 cura
951 2601 1068 2658 feminis

175 2695 351 2770 senibusque
378 2701 408 2752 et
434 2695 634 2753 infirmissimo
661 2697 768 2772 cuique
792 2716 829 2753 ex
853 2697 983 2770 familia3
1011 2698 1068 2772 ipsi

174 2794 292 2865 hebent,
307 2793 382 2849 mira
396 2793 566 2850 diversitate
579 2799 709 2865 naturae,
724 2813 817 2870 quum
830 2795 919 2851 iidem
936 2795 1069 2851 homines

175 2891 217 2947 sic
231 2893 333 2946 ament
346 2889 485 2946 inertiam
502 2895 532 2946 et
548 2891 665 2947 oderint
682 2891 819 2966 quietem.
862 2891 929 2949 Mos
942 2897 987 2948 est
1000 2892 1070 2949 civi·

176 2987 288 3046 tatibus
311 2986 391 3042 ultro
416 3003 450 3042 ac
473 2985 586 3042 viritim
611 2987 741 3044 conferre
762 2988 942 3063 principibus
959 2989 1006 3046 vel
1027 3009 1070 3046 ar-

176 3088 344 3141 mentorum
370 3081 418 3138 vel
444 3081 570 3157 frugum,
599 3083 678 3159 quod
704 3103 758 3159 pro
784 3085 895 3141 honore
921 3091 1070 3161 acceptum

177 3179 267 3236 ctiam
296 3177 518 3234 necessitatibus
545 3179 690 3236 subvenit
751 3177 889 3237 Gaudent
918 3182 1071 3257 praecipue

178 3273 371 3331 finitimarum
384 3273 518 3350 gentium
532 3275 623 3348 donis,
639 3294 713 3351 quac
727 3293 786 3332 non
800 3275 886 3332 modo
904 3295 922 3333 a
939 3277 1069 3352 singulis,

178 3370 229 3428 sed
248 3369 365 3447 publice
383 3370 555 3442 mittuntur,
573 3370 660 3428 electi
677 3371 753 3446 equi,
774 3391 879 3446 magna
897 3391 986 3445 arma,
1002 3373 1071 3449 pha

179 3465 256 3524 lenae
269 3472 454 3544 torquesque.
478 3466 544 3524 Iam
558 3473 588 3525 et
602 3465 756 3543 pecuniam
769 3467 898 3543 accipere
912 3467 1068 3528 docuimus.
