2446 3784
174 239 212 298 20
440 237 645 298 CORNELII
671 235 813 296 mom

173 389 265 446 usque
288 368 427 426 sinuetur.
471 369 543 426 Tam
569 369 742 425 immensum
764 373 911 424 'terrerum
934 369 1061 444 spatium

173 488 233 526 non
254 475 357 526 tenent
378 474 495 525 tentum
518 467 635 539 Chauci,
659 467 709 524 sed
729 472 760 523 et
779 466 911 542 implent,
936 466 1061 542 populus

172 563 251 620 inter
275 563 434 621 Germanos
461 562 665 630 nobilissimus,
694 562 803 638 quique
829 561 1061 637 magnitudinem

173 681 255 717 suam
278 661 363 717 malit
384 660 499 716 iustitia
520 661 604 718 tueri.
648 657 717 715 Sine
738 658 905 734 cupiditate,
927 657 989 714 sine
1009 657 1061 712 im-

160 755 312 830 potentia,
351 755 444 830 quieti
478 755 639 830 secretique
668 753 751 810 nulla
783 764 942 829 provocent
975 753 1060 822 belle,

172 851 262 908 nullis
283 851 415 926 raptibus
437 857 489 907 eut
511 851 672 907 latrociniis
693 849 878 926 populantur.
922 849 959 906 Id
980 869 1061 924 prue-

173 946 291 1020 cipuum
311 945 481 1002 virtutisne
502 945 611 1002 virium
628 951 834 1020 argumentum
851 950 902 1015 est,
921 946 1007 1020 quod,
1026 954 1060 1002 ut

173 1041 333 1114 superiores
371 1045 468 1114 agant,
506 1059 565 1096 non
601 1059 653 1114 per
692 1039 815 1096 iniurius
855 1047 1058 1116 assequuntur.

173 1134 314 1210 Prompta
326 1142 426 1192 tamen
442 1137 576 1192 omnibus
592 1155 681 1207 arma,
699 1157 739 1206 ec,
758 1137 782 1193 si
798 1155 844 1194 res
857 1145 964 1212 poscat,
979 1157 1061 1194 exer-

173 1231 257 1304 citus,
280 1231 439 1306 plurimum
461 1231 591 1288 virorum
619 1251 817 1308 equorumque
824 1252 833 1304 ς
860 1239 890 1290 et
914 1233 1060 1308 quiescen-

172 1327 252 1384 tibus
266 1326 366 1384 eedem
378 1327 462 1384 famu.

232 1423 387 1482 XXXVI.
429 1423 469 1481 In
495 1424 586 1482 lutere
618 1424 801 1482 Chaucorum
828 1425 1061 1499 Chattorumque

174 1521 312 1578 Cherusci
332 1521 453 1578 nimiam
473 1539 507 1578 sc
527 1529 704 1579 marcentem
725 1523 777 1581 diu
793 1543 894 1599 pacem
912 1524 1061 1580 illeeessiti

173 1620 350 1692 nutrierunt,
378 1619 466 1694 idque
492 1619 648 1676 iucundius
671 1639 760 1696 quem
783 1622 878 1678 tutius
901 1621 966 1692 suit,
991 1621 1062 1695 quie

172 1719 251 1774 inter
270 1703 443 1792 impotentes
463 1721 493 1772 et
511 1715 624 1772 validos
640 1716 713 1774 falso
733 1718 878 1793 quiesces;
899 1717 951 1772 ubi
971 1735 1061 1774 manu

172 1814 278 1888 agitur,
300 1812 441 1869 modestia
460 1831 494 1868 ec
514 1812 643 1887 probitas
664 1814 784 1869 nomine
804 1811 959 1888 superioris
982 1820 1058 1869 sunt.

173 1909 222 1966 Ita
248 1909 300 1985 qui
321 1908 392 1965 olim
414 1907 485 1964 boni
511 1909 654 1984 aequique
678 1907 824 1979 Cherusci,
850 1927 928 1964 nunc
950 1907 1060 1965 inertes

172 2026 206 2064 ec
231 2006 317 2064 stulti
340 2010 488 2075 vocantur,
516 2003 631 2062 Chattis
649 2005 810 2062 victoribus
830 2004 949 2060 fortune
964 2005 997 2060 in
1017 2022 1060 2060 sa-

171 2103 312 2179 pientiam
333 2103 425 2160 cessit.
469 2101 569 2158 Tracti
590 2101 675 2158 ruina
698 2099 908 2157 Cheruscorum
930 2104 961 2156 et
983 2099 1058 2170 Fosi,

172 2201 353 2257 contermina
373 2218 459 2274 gene3
483 2199 670 2256 adversarum
693 2217 791 2255 rerum
815 2218 853 2256 ex
874 2217 966 2274 ecquo
989 2199 1061 2254 socii

172 2301 248 2366 sunt,
264 2313 355 2369 quum
368 2294 401 2349 in
413 2293 547 2350 secundis
560 2294 685 2350 minores
698 2294 828 2350 fuissent.

230 2389 406 2448 XXXVIL
448 2389 582 2446 Eundem
605 2389 776 2447 Germaniae
805 2390 903 2446 sinum
932 2389 1060 2465 proximi

172 2485 287 2543 Oceano
302 2485 414 2545 Cimbri
432 2489 543 2556 tenent,
563 2503 654 2560 peius
671 2504 749 2542 nunc
765 2486 876 2558 civitas,
897 2485 947 2544 sed
967 2486 1061 2562 gloria

171 2583 280 2658 ingens.
329 2581 506 2657 Veterisque
542 2581 636 2638 famae
671 2581 731 2638 leta
767 2581 891 2657 vestigia
926 2591 1057 2655 manent,

171 2684 296 2754 utraque
318 2679 383 2754 ripe
406 2685 499 2736 cestra
523 2696 556 2735 ac
576 2678 678 2754 spatie,
701 2697 825 2754 quorum
847 2679 961 2735 ambitu
981 2699 1061 2737 nunc

171 2793 286 2850 quoque
318 2775 449 2832 metieris
480 2774 586 2832 molem
619 2793 780 2850 manusque
811 2775 907 2850 gentis
937 2780 968 2831 et
998 2780 1062 2832 tam

171 2874 269 2949 magni
309 2874 408 2930 exitus
447 2874 541 2931 fidem.
591 2874 841 2931 sexcentesimum
881 2878 912 2930 et
938 2873 1062 2949 quadis„

171 2970 312 3044 gesimum
335 2989 445 3026 annum
471 2969 539 3026 urbs
560 2975 661 3026 nostre
681 2969 792 3044 egebat,
816 2989 907 3046 quum
932 2970 1062 3045 primurn

172 3065 355 3122 Cimbrorum
382 3065 484 3122 audite
516 3070 586 3122 sunt
613 3083 694 3121 erma
723 3063 848 3122 Caecilio
879 3065 1001 3122 Metello
1027 3083 1062 3122 ec

172 3160 289 3235 Papirio
303 3159 435 3219 Carbone
451 3180 518 3219 coss
563 3161 610 3218 Ex
628 3181 686 3237 quo
702 3161 727 3218 si
743 3161 781 3218 ad
796 3163 921 3218 alterum
938 3161 1061 3236 imperu-

172 3256 244 3314 toris
263 3257 381 3315 Traiani
403 3259 587 3316 consulatum
607 3263 813 3334 computemus
834 3258 952 3314 ducenti
970 3257 1062 3316 ferme

171 3360 202 3410 et
211 3355 313 3412 'decem
323 3357 394 3414 unni
402 3356 586 3433 colliguntur.
619 3356 744 3413 Tamdiu
756 3353 912 3412 Germania
922 3355 1058 3412 vincitur.

172 3449 272 3508 Medio
291 3453 454 3530 tem-longi
474 3454 539 3512 aevi
563 3453 657 3529 spatio
680 3451 775 3509 multe
798 3451 921 3507 invicem
945 3451 1059 3510 damna.
