2432 3784
175 262 212 318 nr
433 259 638 322 CORNELII
663 258 807 322 raom
867 268 869 276 ’

173 391 353 467 polluuntur.
389 390 472 448 Bona
485 391 676 467 fortunaeque
689 391 722 446 in
731 391 886 462 tributum,
898 406 967 465 ager
974 393 1064 465 'atque

173 508 268 546 annus
289 489 321 545 in
348 490 537 559 frumentum,
565 507 685 565 corpora
711 489 774 564 ipsa
796 507 829 544 ac
854 505 958 543 manus
982 487 1062 552 siluis

173 606 206 643 ac
220 584 385 662 paludibus·
395 588 578 644 emuniendis
591 587 670 644 inter
687 588 808 644 verbera
823 607 856 644 ac
874 587 1064 644 contumelias

173 687 372 738 conteruntur.
414 682 495 738 Nata
508 683 645 739 servituti
662 684 806 758 mancipia
820 683 908 740 semel
924 691 1061 756 veneunt,

173 786 262 854 atque
278 779 358 835 ultro
375 799 394 835 a
407 779 534 835 dominis
554 779 677 836 aluntur
686 799 695 852 3
708 779 873 836 «Britannia
891 781 1061 836 servitutem

173 893 256 930 suam
277 873 408 948 quotidie
436 875 516 944 emit,
545 875 678 949 quotidie
704 875 803 950 pascit
855 875 902 930 Ac
929 876 1004 930 sicut
1031 874 1061 930 in

172 972 282 1028 familia
296 972 513 1028 recentissimus
522 973 646 1046 quisque
656 988 805 1027 servorum
818 971 907 1026 etiam
918 971 1063 1027 conservis

173 1069 300 1125 ludibrio
315 1075 367 1140 est,
383 1069 423 1124 sic
436 1069 468 1125 in
481 1068 536 1124 hoc
549 1067 627 1124 orbis
645 1074 790 1124 terrarum
803 1077 907 1124 uetere.
919 1066 1062 1123 famulatu

172 1167 244 1222 novi
261 1183 314 1222 nos
333 1170 363 1221 et
378 1165 451 1222 viles
470 1165 500 1221 in
521 1165 669 1221 excidium
686 1165 822 1240 petimur.
865 1163 970 1238 Neque
985 1164 1062 1220 enim

172 1283 244 1319 arva
261 1263 345 1320 nobis
366 1269 419 1320 aut
437 1263 557 1319 metalla
574 1269 626 1319 aut
646 1268 748 1338 portus
767 1268 844 1334 sunt,
864 1262 970 1337 quibus
984 1279 1063 1318 exer·

172 1359 271 1416 cendis
293 1378 482 1416 reservemur.
524 1359 632 1416 Virtus
654 1379 740 1436 porro
758 1377 792 1416 ac
814 1358 919 1416 ferocia
939 1358 1064 1414 subiect-

172 1474 257 1511 orum
284 1454 400 1530 ingrata
426 1455 637 1532 imperantibus
649 1476 657 1528 ;
683 1463 714 1512 et
740 1454 940 1530 longinquitas
963 1471 996 1508 ae
1022 1471 1064 1508 se-

172 1557 282 1606 cretum
305 1551 400 1626 ipsum
421 1571 479 1628 quo
500 1553 602 1624 tutius,
621 1572 654 1609 eo
674 1552 843 1628 suspectius.
886 1551 935 1607 Ita
949 1550 1064 1607 sublata

172 1667 222 1722 spe
240 1648 343 1704 veniae
364 1649 484 1706 tandem
505 1650 612 1706 sumita
628 1650 767 1719 animum,
783 1657 845 1704 tam
861 1649 968 1723 quibus
986 1647 1063 1704 salus

94 1761 97 1767 ·
172 1763 261 1819 quam
279 1745 386 1820 quibus
405 1745 497 1822 gloria
517 1746 665 1803 carissima
685 1757 737 1802 est.
780 1744 935 1820 Brigantes
955 1743 1064 1801 femine

172 1841 245 1896 duce
273 1859 396 1898 exurere
425 1842 575 1912 coloniam,
605 1860 772 1916 expugnare
804 1847 905 1910 castra,
934 1859 975 1912 ac,
1006 1838 1063 1896 nisi

171 1935 295 1992 felicitas
308 1937 340 1992 in
354 1938 512 1994 socordiam
525 1936 669 2008 vertisset,
685 1953 792 1991 exuere
809 1935 912 2010 iugum
925 1943 1064 2010 potuere;

172 2051 225 2088 nos
238 2034 347 2108 integri
361 2039 392 2091 et
405 2035 542 2091 indomiti
556 2040 586 2091 et
603 2033 770 2090 libertatem
786 2051 846 2088 non
866 2032 897 2088 in
913 2029 1064 2106 poeniten·
1129 2091 1133 2098 ,

173 2129 247 2184 tiam
260 2129 358 2201 laturi,
379 2131 473 2204 primo
491 2129 593 2186 statim
606 2145 761 2203 congressu
775 2127 971 2198 ostendamus,
990 2143 1064 2201 quos

171 2227 228 2283 sibi
242 2225 400 2283 Caledonia
412 2227 490 2282 viros
503 2225 671 2300 seposuerit.
1061 2261 1062 2268 κ

231 2322 375 2380 XXXII.
418 2323 471 2378 An
490 2323 610 2380 eandem
625 2323 767 2379 Romanis
780 2321 812 2378 in
825 2322 902 2379 bello
920 2321 1063 2378 virtutem

171 2441 261 2497 qnam
287 2422 320 2479 in
349 2441 419 2497 pace
450 2421 599 2479 lasciviam
629 2421 727 2478 adesse
757 2421 894 2478 creditisl
944 2419 1063 2476 Nostris

172 2519 217 2576 illi
231 2519 458 2576 dissensionibus
472 2538 505 2576 ac
523 2519 673 2576 discordiis
694 2519 765 2575 clari
784 2519 859 2574 vitia
879 2517 1007 2573 hostium
1030 2517 1062 2571 in

170 2616 295 2690 gloriam
317 2617 462 2672 exercitus
484 2617 530 2672 sui
552 2623 675 2672 vertunt
686 2636 694 2688 ;
716 2633 802 2690 quem
824 2619 1005 2670 contractum
1024 2630 1063 2668 ex

171 2712 375 2769 diversissimis
395 2713 532 2788 gentibus
552 2720 588 2770 ut
605 2713 746 2770 secundae
764 2730 810 2767 res
828 2716 938 2780 tenent,
954 2709 996 2764 ita
1013 2707 1062 2764 ad-

171 2829 271 2866 versae
291 2810 458 2882 dissolvent,
478 2811 536 2868 nisi
558 2811 658 2867 Gallos
679 2816 709 2867 et
731 2809 891 2866 Germanos
909 2813 939 2864 et
959 2805 1063 2881 (pudet

171 2907 264 2986 dictu)
276 2908 486 2966 Britannorum
496 2909 657 2986 plerosque,
668 2907 737 2964 licet
748 2903 941 2962 dominationi
951 2903 1063 2958 alienae

172 3005 341 3082 sanguinem
367 3005 558 3075 commodent,
583 3004 696 3061 diutius
722 3008 820 3059 tamen
848 3000 946 3056 hostes
973 3015 1061 3073 quam

172 3122 277 3175 servos,
293 3104 350 3160 fido
363 3110 393 3160 et
409 3105 516 3160 affectu
534 3103 628 3160 teneri
646 3101 764 3178 putatis.
809 3098 909 3154 Metus
923 3115 956 3153 ac
968 3103 1065 3152 terror

172 3206 225 3267 est,
239 3199 356 3256 infirma
369 3200 467 3256 vincla
480 3200 542 3256 loco
556 3199 706 3269 caritatis5
728 3215 802 3272 quae
822 3193 884 3250 ubi
895 3191 1061 3261 removeris,

171 3295 224 3371 qui
234 3297 338 3354 timere
351 3295 498 3369 desierint,
514 3295 607 3353 odisse
620 3295 771 3371 incipient.
806 3291 915 3349 Omnia
924 3289 1064 3348 victoriae

171 3395 363 3452 incitamenta
385 3413 439 3470 pro
466 3393 552 3450 nobis
578 3404 648 3449 sunt
658 3411 667 3464 ;
695 3390 794 3447 nullae
822 3387 970 3445 Romanos
997 3406 1064 3443 con·

171 3489 254 3567 iuges
277 3491 448 3559 accendunt,
470 3489 546 3548 nulli
572 3494 707 3566 parentes
734 3488 834 3563 fugam
858 3483 1063 3560 exprobraturi
