2446 3784
163 227 182 286 4
421 227 627 288 CORNELII
652 227 796 288 riom

162 377 237 435 quac
256 358 347 415 humo
366 358 541 434 linguntur3
567 377 745 434 quamquam
764 358 893 435 proximi
911 359 949 416 cb
969 379 1056 417 usum

161 453 399 511 commerciorum
421 471 526 510 surum
550 460 581 510 ct
598 460 752 530 argeutum
773 455 807 511 in
824 455 919 530 prctio
936 454 1054 526 hubent,

161 548 326 626 formasque
339 550 479 625 quasdam
491 556 609 608 nostras
626 551 766 626 pecuniae
786 558 948 628 agnoscunt
966 559 1056 630 atquo

160 647 281 723 eligunt
329 647 488 704 Interiores
508 647 669 724 simplicius
688 655 719 706 ct
739 648 889 724 antiquius
909 653 1056 724 permuta·

160 743 242 801 tione
261 745 403 800 mercium
422 749 557 801 utuntur.
601 745 760 802 Pecuniam
779 745 906 821 probunt
924 752 1054 803 voterem

160 846 191 896 et
204 840 256 896 diu
269 848 378 913 notum,
393 849 517 898 serratos
531 841 708 918 bigatosque.
749 842 918 916 Argentum
937 861 1054 918 quoquc

160 939 253 1014 magis
280 957 368 1014 quam
396 957 501 996 autum
525 945 696 1015 sequuntur,
717 939 801 996 nulla
820 939 973 996 affcctione
992 940 1051 996 ani·

70 1079 78 1086 .
160 1035 209 1106 mi,
233 1036 283 1092 scd
305 1036 375 1110 quia
397 1053 537 1093 uumerus
560 1043 766 1112 argenteorum
786 1035 899 1094 facilior
919 1037 986 1094 usui
1006 1043 1053 1094 cst

159 1131 322 1208 promiscua
334 1150 367 1188 ac
381 1133 452 1190 vilia
465 1133 667 1190 mercantibus

159 1301 292 1343 VI.-—xv.
327 1285 472 1344 Mauners
485 1287 548 1344 arrd
559 1287 728 1361 customcof
735 1287 778 1344 tlte
789 1286 934 1344 Germanos.
966 1285 1053 1345 rtet

198 1392 285 1444 arou,
301 1371 434 1448 Owoclry.
467 1372 557 1431 Ordcr
570 1374 607 1446 of
613 1374 704 1432 battle.
733 1371 857 1448 Informy
876 1373 914 1448 of
929 1375 1052 1431 coward-

198 1458 246 1516 icc.
289 1459 404 1518 Powcrs
427 1460 464 1536 of
476 1461 521 1518 rte
544 1459 622 1536 hiup,
644 1460 682 1534 of
694 1461 746 1518 'tlte
770 1461 895 1534 perrorat,
924 1461 986 1518 ond
1007 1461 1052 1520 tte

193 1547 292 1620 prior.
337 1545 465 1620 Ocuraqe
480 1547 543 1604 wod
554 1548 656 1604 sacred
667 1547 813 1604 character
826 1546 863 1620 of
877 1547 921 1605 tlte
934 1567 1049 1606 worwro

200 1631 288 1690 ilter'r
299 1634 371 1708 podo
384 1633 446 1692 0ch
458 1633 539 1690 mode
559 1633 597 1709 of
610 1634 741 1708 worship.
784 1633 956 1692 Divinatiort
966 1633 1053 1708 from

198 1721 284 1792 birds,
309 1723 411 1789 horsco,
436 1723 499 1780 arrd
519 1723 610 1796 simplo
632 1723 747 1780 combat
790 1722 999 1780 Deliberatious
1020 1713 1060 1796 of

198 1809 242 1868 tlte
255 1810 344 1883 clriofs
357 1811 419 1868 corel
432 1811 469 1884 of
479 1811 523 1868 tho
535 1811 638 1886 peoplo.
682 1811 783 1868 Modcs
803 1809 842 1884 of
851 1811 1049 1886 puscionem

199 1897 257 1954 wc
278 1894 374 1972 chioss’
396 1899 516 1956 retiwuo.
558 1897 724 1972 Prcsoroocc
746 1896 784 1970 of
798 1917 861 1954 war
880 1906 908 1954 to
928 1897 1057 1972 cyr-icul-

196 1993 267 2042 tzrrc.
312 1984 388 2043 Loro
415 1984 453 2058 of
474 1985 518 2043 tic
545 1985 633 2042 atace.
677 1985 811 2042 Procerus
838 1985 922 2042 modo
949 1993 977 2043 to
1004 1985 1050 2043 tte

196 2071 291 2145 clriofi.

215 2202 277 2259 VI.
318 2199 367 2259 Nc
381 2202 490 2259 serrum
505 2201 623 2277 quidem
637 2206 776 2277 superest,
791 2201 868 2258 sicut
887 2219 925 2266 ex
944 2217 1050 2277 goncio

156 2299 282 2356 telorum
302 2297 456 2372 colligitur.
499 2295 573 2352 Rari
586 2295 691 2370 gladiis
705 2301 757 2352 aut
771 2296 929 2353 maioribus
941 2297 1050 2354 lanceis

155 2399 290 2451 utuntur.
338 2388 450 2448 Hostus
472 2392 520 2448 vel
541 2392 671 2466 ipsorum
694 2391 835 2448 vocabulo
856 2392 979 2448 fismccs
1001 2411 1050 2468 ge·

155 2495 228 2546 runt
248 2495 372 2564 angusto
396 2493 426 2544 et
449 2488 532 2544 brevi
551 2487 627 2544 ferro
644 2487 695 2543 sed
714 2487 757 2543 ita
777 2487 836 2544 scri
855 2492 886 2544 ct
905 2489 943 2545 ud
961 2506 1050 2545 usum

155 2585 254 2656 habili,
270 2589 305 2640 ut
318 2583 419 2640 codem
432 2583 499 2655 tolo,
521 2589 610 2658 prout
629 2583 707 2639 ratio
727 2584 827 2658 poscit,
852 2583 898 2639 vel
917 2583 1050 2641 cominus

155 2681 202 2736 vcl
223 2680 336 2736 eminus
355 2683 494 2754 pugnent
537 2677 578 2734 Et
597 2696 685 2754 equos
706 2679 823 2754 quidem
844 2686 926 2736 scuto
945 2680 1049 2737 frumc-

155 2796 230 2853 squo
244 2781 398 2832 contentus
412 2780 475 2846 est;
494 2774 608 2850 pcditcs
628 2779 658 2830 ct
679 2775 801 2831 missilia
821 2782 970 2850 spargunt,
985 2775 1048 2851 plu-

154 2893 244 2949 raque
268 2873 376 2948 singuli
399 2878 488 2948 atquc
510 2873 543 2929 in
566 2873 739 2929 immensum
762 2873 881 2931 vibrant
901 2873 975 2930 nudi
996 2879 1049 2931 aut

154 2971 255 3047 sagulo
281 2971 366 3028 leves.
410 2969 503 3026 Nullo
530 2970 627 3026 cultus
653 2970 772 3028 iactatio
784 2991 793 3043 ;
822 2976 904 3027 scuta
930 2976 1046 3027 tuntum

155 3068 317 3124 lectissimis
342 3067 485 3124 coloribus
503 3066 696 3142 distinguunt.
739 3067 843 3124 Paucis
863 3065 975 3138 loricae,
995 3067 1047 3123 vix

153 3165 208 3220 uni
232 3163 353 3220 alterive
375 3162 462 3218 cussis
483 3167 536 3218 aut
558 3161 646 3236 galea„
690 3161 770 3237 Equi
788 3180 848 3218 uon
865 3163 966 3232 forma,
987 3180 1045 3218 non

153 3261 309 3318 velocitate
325 3260 493 3336 conspicui;
514 3260 565 3317 scd
583 3277 637 3316 ncc
655 3260 768 3316 vatiam
784 3277 869 3334 gyros
887 3259 920 3314 in
937 3277 1048 3315 morem

154 3363 287 3414 nostrum
309 3357 449 3414 docentur
458 3377 467 3430 3
486 3358 520 3414 in
536 3363 656 3428 rectum,
678 3363 730 3413 sut
747 3375 807 3412 uno
828 3357 908 3412 flexu
930 3355 1049 3413 dextros

154 3459 254 3528 agunt,
275 3454 318 3510 itu
336 3455 491 3511 coniuncto
509 3455 585 3522 orbe,
604 3457 640 3508 ut
656 3470 741 3508 nemo
758 3451 901 3527 posterior
917 3449 964 3508 sit.
1009 3450 1048 3508 In
