2432 3784
316 255 517 318 Aculeone
545 257 707 317 XXXIII.
736 257 892 320 XXXIV.
1009 255 1054 318 25Ι

161 389 192 443 et
218 386 419 444 metuentium.
461 386 542 454 Quos
563 386 642 462 quod
663 385 782 443 tandem
803 386 964 458 Invenietis,
988 406 1048 444 non

160 481 342 550 restiterunt,
366 483 418 540 sed
439 483 612 560 deprehensi
637 489 723 554 sunt3
749 484 923 542 novissimae
949 503 995 541 res
1018 489 1049 542 et

161 581 292 634 extremo
310 583 392 636 metu
408 597 529 655 corpora
548 579 675 636 defixere
693 580 784 636 aciem
798 580 830 635 in
843 579 889 636 his
907 579 1047 654 vestigiis,

160 673 312 748 inquibus
327 673 479 748 pulchram
496 680 527 732 et
542 675 729 750 spectabilem
745 675 897 730 victoriam
915 674 1046 734 ederetis.

161 771 326 847 Transigite
339 790 405 828 cum
418 771 661 847 expeditionibus,
678 772 820 847 imponite
835 770 1049 846 quinquaginta

160 867 246 924 annis
258 885 396 941 magnum
413 865 498 936 diem,
515 866 673 941 approbate
689 867 733 922 rei
748 865 880 941 publicae
898 885 1048 942 nunquam

160 962 302 1018 exercitui
315 961 456 1037 imputari
469 962 596 1036 potuisse
610 966 662 1017 aut
675 979 770 1018 moras
784 961 854 1018 belli
868 967 920 1018 aut
934 980 1048 1018 caussas

160 1057 327 1116 rebellandi

160 1199 397 1240 xxxa-xxm.
429 1181 486 1240 Illa
499 1181 633 1256 arderes
639 1181 729 1240 battle.
759 1181 913 1258 Desperare
927 1202 1047 1259 couroye

199 1268 286 1343 oftlre
299 1269 426 1328 Britom.
467 1269 696 1343 Pbeircomplete
709 1268 808 1342 defeat.
850 1269 971 1328 Mesoa
984 1270 1047 1328 bort

199 1357 279 1415 eide.
317 1355 441 1414 Terrible
454 1375 598 1414 cranmere
612 1356 655 1412 tte
669 1354 834 1430 battlefielrl.
872 1356 1048 1432 Expeditior

199 1443 236 1516 of
252 1444 296 1502 aa
318 1442 433 1500 Rcmruc
445 1441 525 1515 fleat.
565 1441 699 1515 Agricola
721 1451 837 1500 retum
859 1443 1044 1500 eoutlrwarde.

198 1530 288 1604 Effert
300 1549 339 1588 ou
348 1529 501 1586 Domitian
510 1527 596 1603 oftlw
608 1527 891 1603 aeweofaqrtcola'e
903 1549 1044 1588 mosam

219 1642 357 1700 XXXV.
399 1641 440 1698 Et
460 1641 625 1716 alloquente
644 1640 739 1698 adhuc
759 1639 897 1716 Agricola
917 1642 1047 1699 militum

160 1741 246 1798 ardor
269 1739 422 1810 eminebat,
451 1743 482 1794 et
507 1737 596 1794 finem
622 1738 763 1794 orationis
788 1739 890 1813 ingens
913 1739 1047 1796 alacritas

160 1845 313 1895 consecuta
340 1843 391 1906 est,
419 1836 577 1910 statimque
606 1835 643 1892 ad
672 1854 754 1892 arma
785 1835 954 1892 discursum
997 1836 1047 1892 In-

160 1937 281 1992 stinctos
298 1941 473 2008 ruentesque
490 1932 533 1988 ita
549 1931 697 2006 disposuit,
718 1937 754 1988 ut
775 1933 906 2008 peditum
926 1933 1044 2003 auxilia,

160 2053 234 2108 quae
261 2039 324 2090 octo
350 2033 465 2090 milium
492 2037 582 2102 erant,
610 2032 736 2088 mediam
765 2033 857 2090 aciem
886 2033 1044 2104 firmarent,

161 2129 292 2203 equitum
310 2128 368 2184 tria
385 2127 466 2184 milia
484 2127 619 2184 cornibus
636 2127 863 2185 effunderentur.
906 2128 1047 2205 Legiones

160 2243 212 2301 pro
230 2224 307 2281 vallo
323 2229 437 2294 stetere,
457 2224 559 2298 ingens
579 2223 718 2281 victoriae
738 2225 826 2282 decus
845 2215 926 2282 citra*
940 2226 1047 2284 Roma·

160 2341 231 2378 num
252 2321 422 2396 sanguinem
441 2320 579 2388 bellandi,
599 2325 630 2378 et
650 2321 802 2392 auxilium,
820 2321 846 2378 si
861 2322 1044 2398 pellerentur.

161 2421 369 2477 Britannorum
398 2417 473 2476 acies
501 2417 533 2473 in
564 2417 689 2492 speciem
723 2417 810 2474 simul
841 2437 875 2474 ac
906 2423 1047 2476 terrorem

161 2515 330 2571 editioribus
357 2514 427 2570 locis
453 2514 625 2571 constiterat
651 2513 700 2582 ita,
727 2518 762 2568 ut
788 2513 916 2588 primum
943 2531 1048 2588 agmen

160 2629 259 2686 aequo,
279 2612 368 2668 ceteri
387 2631 440 2687 per
457 2611 563 2668 acclive
583 2609 685 2684 iugum
706 2609 831 2666 connexi
850 2609 933 2665 velut
953 2609 1048 2665 insur-

160 2711 275 2782 gerent3
302 2706 397 2764 media
423 2705 517 2780 campi
543 2704 729 2761 covinnarius
755 2723 843 2778 eques
869 2703 993 2780 strepitu
1014 2723 1047 2760 ac

161 2803 290 2860 discursu
305 2801 472 2876 complebat
509 2801 584 2856 Tum
598 2799 737 2874 Agricola
750 2806 905 2874 superante
918 2799 1047 2855 hostium

161 2897 350 2956 multitudine
376 2897 495 2968 veritus,
524 2913 561 2951 ne
587 2896 619 2950 in
642 2895 770 2952 frontem
792 2893 879 2950 simul
903 2901 934 2949 et
955 2893 1048 2950 latera
1128 2963 1136 2976 ·

161 3013 280 3053 sucrum
305 2998 492 3070 pugnaretur,
521 2991 648 3047 diductis
677 2990 835 3058 ordinibus,
870 3007 1048 3065 quamquam

161 3091 318 3169 porrectior
340 3091 416 3148 acies
438 3090 630 3156 intruserat,
658 3095 689 3146 et
715 3087 897 3145 arcessendas
918 3087 1048 3162 plerique

160 3188 287 3263 legiones
310 3185 512 3256 admonebant,
536 3185 698 3260 promptior
723 3185 755 3242 in
782 3203 862 3258 spem
890 3188 920 3240 et
946 3183 1048 3239 firmus

161 3285 288 3342 adversis
301 3283 419 3339 dimisso
432 3300 507 3356 equo
520 3281 606 3356 pedes
619 3286 688 3337 ente
701 3279 810 3337 vexilla
823 3279 962 3336 constitit.

221 3377 377 3436 XXXVI.
408 3377 456 3433 Ac
469 3377 564 3452 primo
577 3393 730 3450 congressu
744 3373 857 3430 eminus
871 3373 1046 3440 certabatur,

161 3477 306 3554 simulque
329 3476 495 3541 constantia
517 3473 604 3533 simul
630 3479 693 3530 arte
720 3468 859 3528 Britanni
882 3471 1049 3547 ingentibus
