2446 3784
392 243 612 304 GERMANJA
639 243 810 303 VI.-XV.
1030 245 1047 302 l'

157 393 299 450 equorum
312 393 427 450 quoque
440 375 589 451 praesagia
601 393 635 432 ac
647 374 776 432 monitus
795 373 928 449 experiri
972 373 1047 430 Pub

157 469 214 528 lice
239 470 360 528 aluntur
386 471 490 529 iisdem
516 472 693 528 memoribus
719 490 754 528 ac
774 471 856 542 lucis,
880 470 997 527 candidi
1018 481 1047 526 et

157 567 240 626 nullo
253 567 370 625 mortali
384 587 470 644 opere
483 569 619 640 contacti,
634 587 707 644 quos
726 587 839 644 pressos
860 586 940 624 sacro
961 587 1048 624 curru

158 665 289 722 sacerdos
301 684 334 722 ac
347 684 401 722 rex
413 665 461 722 vel
470 667 604 742 princepe
612 667 740 724 civitatis
753 667 938 736 comitantur,
953 664 1048 720 hinni-

158 767 264 837 tusque
290 781 324 820 ac
351 763 485 820 fremitus
512 764 675 821 observant.
743 763 807 820 Nec
837 763 892 820 ulli
919 764 1047 838 auspicio

158 856 251 914 maior
270 856 349 929 fides,
371 876 431 914 non
451 857 545 915 solum
563 859 641 933 apud
664 859 787 934 plebem,
810 858 861 916 sed
884 858 964 934 apud
985 877 1056 935 pro-¹

159 969 245 1021 ceres,
273 952 351 1026 apud
377 951 557 1026 sacerdotes3
591 971 620 1008 se
644 953 723 1009 enim
746 954 895 1010 ministros
918 953 1046 1028 deorum,

159 1047 224 1104 illos
245 1049 372 1106 conscios
395 1053 509 1124 putant
553 1047 608 1104 Est
629 1055 660 1106 et
683 1049 741 1105 alia
764 1037 1037 1123 observatio'auspi

159 1146 278 1217 ciorum,
308 1165 367 1222 qua
393 1146 527 1221 gravium
558 1146 701 1204 bellorum
733 1152 855 1204 eventus
886 1145 1047 1220 explorant.

160 1243 232 1300 Eius
253 1244 357 1319 gentis,
381 1263 448 1301 cum
473 1263 531 1319 qua
551 1245 662 1302 bellum
684 1251 736 1316 est,
760 1246 909 1320 captivum
932 1263 1049 1322 quoquo

159 1341 245 1398 modo
270 1341 467 1416 interceptum
496 1360 563 1396 cum
591 1341 683 1398 electo
713 1341 899 1416 popularium
930 1359 1049 1398 suorum

159 1437 261 1512 patriis
278 1455 423 1512 quemque
446 1437 535 1494 armis
558 1438 757 1496 committunt.
800 1436 938 1492 Victoria
960 1435 1049 1494 huius

159 1529 207 1588 vel
219 1531 299 1588 illius
312 1551 365 1607 pro
379 1531 557 1607 praeiudicio
570 1533 717 1608 accipitur.

218 1629 280 1687 XI.
320 1629 367 1685 De
380 1629 542 1684 minoribus
554 1629 642 1684 rebus
654 1629 800 1704 principes
820 1627 997 1697 consultant,
1013 1625 1049 1681 de
1086 1609 1089 1616 ¹

160 1724 317 1782 maioribus
339 1743 447 1792 omnes,
468 1724 513 1780 ita
535 1728 642 1794 tamem
665 1730 700 1780 ut
721 1744 756 1780 ea
776 1743 901 1800 quoque,
924 1741 1049 1798 quorum

159 1839 248 1896 penes
270 1819 385 1896 plebem
409 1818 565 1875 arbitrium
588 1824 642 1886 est,
662 1819 740 1894 apud
760 1818 905 1894 principes
926 1821 1050 1892 pertrac-

159 1925 267 1978 tentur.
311 1917 433 1988 Coeunt,
455 1899 513 1972 nisi
536 1915 608 1991 quid
629 1915 784 1973 fortuitum
807 1920 837 1972 et
857 1914 988 1972 subitum
1006 1912 1051 1968 in-

159 2017 239 2088 cidit,
268 2015 356 2073 certis
382 2013 492 2084 diebus,
521 2028 614 2087 quum
640 2017 694 2068 aut
720 2011 876 2068 inchoatur
902 2010 973 2066 luna
999 2013 1051 2064 aut

159 2114 318 2190 impletur3
354 2129 424 2168 nam
450 2109 569 2184 agendis
595 2109 682 2166 rebus
708 2107 763 2165 hoc
790 2106 1051 2183 auspicatissimum

159 2209 278 2266 initium
292 2206 426 2264 credunt.
468 2204 500 2261 N
501 2223 533 2262 ec
554 2203 667 2260 dierum
687 2221 850 2272 numerum,
872 2207 907 2258 ut
925 2219 986 2270 nos,
1001 2197 1051 2257 sed

51 2299 55 2306 ”
160 2303 290 2360 noctium
308 2306 480 2376 computant
490 2318 499 2370 3
530 2299 571 2356 sic
595 2299 788 2368 constituunt,
811 2297 852 2354 sic
873 2296 1031 2362 condicunt
1041 2317 1049 2367 3

161 2419 221 2456 nox
234 2399 338 2455 ducere
356 2397 434 2454 diem
452 2395 579 2452 videtur.
621 2394 702 2451 lllud
723 2413 760 2450 ex
780 2393 915 2450 libertate
935 2392 1050 2457 vitium,

162 2493 240 2570 quod
253 2511 313 2549 non
327 2491 422 2563 simul,
437 2510 491 2548 nec
504 2497 539 2547 ut
556 2491 628 2547 iussi
648 2491 835 2561 conveniunt,
857 2489 907 2546 sed
928 2495 958 2546 et
978 2488 1052 2544 alter

162 2595 193 2644 et
205 2587 311 2644 tertius
325 2586 386 2644 dies
400 2585 585 2642 cunctatione
603 2586 772 2643 coeuntium
792 2586 962 2642 absumitur.
1006 2583 1052 2640 Ut

162 2682 266 2740 turbae
285 2681 403 2757 placuit,
423 2681 579 2737 considunt
598 2681 710 2738 armati.
762 2671 919 2737 Silentium
938 2697 991 2754 per
1010 2697 1056 2734 sa·-

163 2778 299 2848 cerdotes‚
324 2777 430 2852 quibus
449 2781 516 2834 tum
535 2783 566 2832 et
587 2776 737 2833 coercendi
756 2776 802 2833 ius
816 2781 867 2847 cst,
882 2776 1052 2850 imperatur.

164 2875 239 2934 Mox
258 2894 312 2932 rex
331 2873 379 2931 vel
398 2871 539 2948 princeps,
562 2877 650 2946 prout
669 2877 748 2928 aetas
768 2872 881 2947 cuique,
895 2876 985 2946 prout
1003 2888 1054 2925 no·

165 2972 271 3043 bilitas,
303 2977 392 3046 prout
425 2967 512 3025 decus
545 2967 695 3039 bellorum,
724 2974 813 3043 prout
838 2966 973 3023 facundia
1000 2971 1051 3035 est,

164 3067 333 3135 audiuntur,
355 3063 529 3120 auctoritate
551 3064 692 3120 euadendi
715 3065 807 3140 magis
827 3083 914 3140 quam
934 3063 1054 3119 iubendi

165 3168 316 3239 potestate.
360 3159 393 3218 Si
416 3159 564 3234 displicuit
585 3161 739 3232 sententia,
761 3161 880 3216 fremitu
900 3177 1055 3234 aspernan-

165 3269 216 3318 tur
227 3279 237 3332 3
266 3259 312 3316 ein
335 3256 453 3334 placuit,
476 3256 603 3313 frameas
625 3256 805 3314 concutiunt.
856 3254 1055 3312 Honoratissi-

168 3378 248 3416 mum
267 3375 399 3416 assensus
411 3374 503 3431 genus
516 3359 561 3412 est
573 3354 662 3412 armis
671 3354 798 3410 laudare.

225 3455 303 3515 XII.
346 3454 430 3512 Licet
450 3453 527 3540 apud
552 3451 708 3510 concilium
728 3471 861 3510 occisore
883 3451 1056 3528 quoquest
