2432 3784
147 198 182 258 14
397 192 602 255 CORNELII
627 193 770 254 reem

144 323 302 399 tractisque
326 323 472 398 legionum
502 323 618 379 vexillis
650 329 681 380 et
712 323 825 379 modica
856 323 1033 380 auxiliorum

144 438 241 489 manu,
263 419 332 493 quia
354 419 387 474 in
405 437 531 493 aequum
550 417 668 492 degredi
688 416 844 475 Ordovices
866 437 926 475 uon
946 419 1032 475 aude-

144 517 224 585 bant,
241 515 303 590 ipse
320 520 388 570 ante
405 532 518 589 agmen,
537 533 596 590 quo
615 514 718 570 ceteris
737 532 790 589 par
809 515 924 582 animus
944 513 1033 570 simili

144 610 271 686 periculo
285 615 367 680 esset,
382 610 477 665 erexit
489 610 587 666 aciem
635 608 781 684 Caesaque
795 629 884 686 prope
896 611 1032 668 universa

144 711 237 782 gente,
252 725 310 762 non
326 707 444 780 ignarus
460 706 631 762 instandum
646 707 747 778 famae,
770 727 812 779 ac,
831 715 919 784 prout
939 709 1032 784 prima

144 802 302 872 cessissent,
333 808 474 858 terrorem
502 803 605 858 ceteris
637 802 705 873 sore,
741 802 862 861 Monam
895 805 1031 877 insulam,

144 900 226 956 cuius
239 897 415 973 possessione
428 904 595 970 revocatum
605 897 764 957 Paulinum
773 901 931 960 rebellione
940 903 1032 959 totius

144 997 315 1054 Britanniae
336 1016 424 1072 supra
444 997 610 1068 memoravi,
638 997 768 1073 redigere
797 999 830 1056 in
858 1006 1031 1074 potestatem

144 1094 241 1149 animo
267 1093 402 1150 intendit
445 1093 510 1163 Sed,
539 1099 574 1149 ut
600 1093 629 1148 in
658 1093 756 1150 dubiis
782 1095 917 1165 consiliis,
943 1115 1031 1153 naves

144 1190 279 1261 deerant,
303 1189 379 1246 ratio
406 1194 437 1246 et
463 1189 627 1246 constantia
652 1189 734 1247 ducis
760 1191 931 1250 transvexit.
974 1193 1031 1250 De-

143 1285 245 1360 positis
258 1284 391 1341 omnibus
404 1283 523 1340 sarcinis
536 1283 707 1342 lectissimos
717 1284 911 1358 auxiliarium,
926 1287 1031 1361 quibus

144 1387 213 1438 nota
230 1381 305 1437 vada
327 1385 357 1437 et
374 1379 486 1456 patrius
502 1378 592 1435 nandi
609 1397 688 1450 usus,
709 1398 767 1454 quo
787 1380 874 1436 simul
895 1399 982 1456 seque
1001 1388 1031 1438 et

143 1496 223 1534 arma
236 1482 267 1533 et
280 1495 368 1552 equos
380 1481 494 1551 regimt,
508 1475 552 1532 ita
567 1482 687 1551 repente
702 1476 833 1544 immisit,
847 1482 882 1531 ut
897 1477 1031 1552 obstupe-

143 1572 213 1628 facti
225 1572 329 1642 hostes,
345 1573 396 1647 qui
410 1570 537 1642 classem,
552 1572 605 1646 qui
617 1589 715 1641 neves,
729 1571 781 1646 qui
794 1590 873 1627 mare
887 1579 1031 1647 exspecta-

144 1666 223 1738 bant,
248 1668 324 1723 nihil
347 1666 472 1724 arduum
493 1672 545 1724 aut
565 1667 708 1723 invictum
732 1666 909 1726 crediderint
931 1668 972 1724 sic
993 1670 1030 1726 ed

143 1763 253 1820 bellum
265 1764 457 1822 venientibus
501 1763 550 1819 Ita
566 1763 659 1838 petita
675 1781 744 1838 pace
764 1781 797 1818 ac
817 1762 916 1820 dedita
935 1764 1031 1821 incida

144 1858 237 1916 clarus
263 1877 297 1916 ae
323 1876 445 1933 magnus
470 1856 572 1914 haberi
598 1856 744 1932 Agricola,
773 1858 881 1933 quippe
911 1859 958 1915 cui
988 1860 1031 1916 in·

143 1955 286 2032 gredienti
307 1955 496 2031 provinciam,
520 1953 598 2028 quod
619 1959 735 2027 tempus
758 1953 809 2010 alii
833 1973 885 2028 per
907 1961 1031 2012 ostenta

143 2052 253 2108 tionem
279 2057 310 2108 et
336 2050 495 2107 officiorum
521 2047 664 2104 ambitum
691 2047 866 2124 transigimt,
894 2049 976 2106 labor
1001 2058 1031 2107 et

144 2147 305 2222 periculum
343 2146 505 2221 placuisset.
556 2142 621 2200 Nec
661 2141 800 2218 Agricola
838 2147 1031 2220 prosperitate

144 2261 242 2298 rerum
256 2241 289 2297 in'
307 2240 469 2296 vanitatem
486 2257 557 2295 usus
576 2239 790 2313 expeditionem
811 2247 863 2296 aut
879 2240 1031 2298 victoriam

144 2338 264 2395 vocabat
279 2337 372 2393 victos
389 2334 580 2406 continuisse,
600 2354 637 2391 ne
654 2334 793 2394 laureatis
812 2335 930 2411 quidem
949 2343 1031 2412 gesta

143 2439 311 2509 prosecutus
324 2436 374 2488 est.
418 2428 476 2488 Sed
488 2430 552 2504 ipsa
565 2429 795 2487 dissimulatione
811 2430 904 2488 samue
923 2430 1029 2488 famam

143 2529 228 2586 auxit
253 2526 483 2596 aestimantibus,
510 2531 622 2600 quanta
647 2524 742 2582 futuri
770 2545 820 2601 spe
842 2532 904 2582 tam
925 2545 1030 2601 magna

144 2627 287 2684 tacuisset.

203 2721 294 2779 XIX.
338 2719 475 2778 Ceterum
501 2718 665 2774 animorum
696 2717 863 2791 provinciae
893 2718 1028 2792 prudens,

144 2817 289 2890 simulque
303 2815 405 2872 doctus
422 2831 474 2888 per
486 2812 581 2868 aliena
595 2811 794 2886 experimenta
812 2828 916 2885 parum
929 2813 1030 2887 profici

144 2915 240 2983 armis,
256 2913 280 2969 si
293 2912 418 2986 injuriae
432 2914 631 2984 sequerentur,
646 2925 746 2963 causas
759 2907 902 2964 bellorum
922 2910 1029 2965 statuit

144 3009 284 3067 excidere.
326 3006 359 3064 A
377 3025 406 3062 se
426 3005 543 3079 suisque
562 3022 643 3059 orsus
663 3002 791 3077 primum
811 3003 929 3060 domum
947 3023 1029 3062 suam

144 3104 279 3174 co'e'rcuit,
294 3101 373 3177 quod
386 3101 531 3176 plerisque
544 3098 623 3154 haud
637 3098 734 3155 minus
747 3099 871 3156 arduum
883 3109 928 3157 est
941 3120 1029 3176 quam

145 3199 325 3275 provinciam
338 3215 444 3272 regere
486 3194 572 3252 Nihil
586 3213 638 3268 per
651 3193 772 3251 libertos
785 3214 939 3271 servosque
957 3197 1030 3271 pub-

145 3297 217 3355 licae
236 3296 288 3366 rei,
309 3314 370 3352 non
388 3293 492 3352 studiis
509 3291 632 3368 privatis
650 3311 704 3349 nec
723 3311 761 3348 ex
780 3292 1030 3351 commendatione

145 3399 197 3450 aut
211 3392 345 3470 precibus
358 3389 564 3460 centurionem,
581 3386 689 3446 milites
702 3387 799 3459 ascire,
815 3387 865 3444 sed
886 3387 1027 3462 optimum
