2432 3784
165 245 203 301 32
377 282 381 290 ·
427 234 796 302 ooaNsffl'TlOlTl

165 367 281 450 posteri
307 391 424 429 noscere
458 373 558 443 velint,
594 372 742 428 decentior
777 389 866 447 quam
901 371 1054 429 sublimior

166 470 244 542 fuit3
271 469 347 526 nihil
373 474 468 526 metus
495 469 528 524 in
554 468 659 540 vultu3
689 467 784 542 gratia
810 468 868 524 oris
895 475 1052 544 supererat.

168 566 284 623 Bonum
301 567 400 622 virum
420 566 505 624 facile
522 567 659 638 crederes,
680 585 818 641 magnum
840 566 971 625 libenter.
1014 567 1056 624 Et

167 664 228 740 ipse
254 664 380 740 quidem,
413 682 589 740 quamquam
619 663 715 720 medio
746 663 778 718 in
804 663 898 738 spatio
925 663 1055 738 integrae
1151 649 1155 660 ⁵

168 763 273 820 aetatis
304 767 427 838 ereptus,
459 767 603 836 quantum
632 760 670 816 ad
700 759 830 834 gloriam,
855 760 1055 835 longissimum

169 878 274 917 aevum
286 859 418 934 peregit3
439 857 546 933 quippe
559 862 590 912 et
604 875 671 913 vera
689 857 772 927 bona,
793 875 867 932 quae
886 857 919 912 in
938 856 1057 912 virtutiss

169 956 224 1012 bus
238 955 297 1010 sita·
307 960 384 1023 sunt,
404 952 584 1027 impleverat,
606 956 637 1008 et
656 951 800 1008 consulari
820 970 854 1007 ac
873 951 1057 1026 triumphali-

170 1051 226 1106 bus
248 1049 425 1105 ornamentis
446 1048 577 1124 praedito
600 1046 671 1122 quid
692 1046 772 1102 aliud
792 1051 920 1102 astruere
939 1045 1058 1102 fortuna

171 1146 304 1222 poteratl
347 1145 459 1220 Opibus
472 1143 572 1199 nimiis
584 1161 644 1198 non
657 1142 808 1217 gaudebat,
830 1141 973 1217 speciosae
993 1141 1057 1200 con'-

171 1242 306 1316 tigerant.
349 1239 426 1297 Filia
446 1244 534 1314 atque
557 1257 648 1294 uxore
674 1238 877 1312 superstitibus
898 1243 995 1313 potest
1017 1237 1060 1294 vi·

172 1335 236 1392 deri
257 1337 345 1392 etiam
367 1336 469 1392 beatus
492 1333 631 1390 incolumi
655 1333 804 1408 dignitate,
829 1333 950 1390 florente
971 1334 1057 1406 sama,

172 1433 261 1490 salvis
278 1432 468 1488 affinitatibus
486 1435 517 1487 et
536 1430 671 1486 amicitiis
684 1429 784 1486 futura
798 1429 936 1503 effugisse
979 1428 1057 1486 Nam

174 1529 261 1584 sicuti
275 1528 379 1584 durare
392 1527 425 1582 in
438 1527 513 1583 hanc
526 1525 685 1582 beatissimi
705 1523 795 1582 seculi
813 1525 908 1581 lucem
928 1543 961 1581 ao
981 1525 1060 1600 prin·

175 1625 268 1700 cipem
294 1623 451 1680 Traianum
477 1622 576 1679 videre
602 1623 750 1697 quondam
780 1622 901 1696 augurio
927 1622 1061 1697 votisque

175 1722 253 1796 apud
272 1727 385 1777 nostras
405 1738 489 1776 aures
509 1719 701 1788 ominabatur,
720 1719 763 1775 ita
783 1719 937 1775 festinatae
959 1719 1062 1774 mortis

103 1817 106 1824 '
175 1817 283 1894 grande
306 1815 441 1874 solatium
462 1815 534 1872 tulit
554 1816 677 1872 evasisse
696 1820 874 1890 postremum
895 1814 970 1873 illud
990 1819 1062 1870 tem-

176 1931 239 1988 pus,
253 1929 311 1988 quo
326 1911 512 1968 Domitianus
525 1928 585 1966 non
598 1910 656 1966 iam
676 1928 729 1985 per
748 1910 903 1966 intervalla
922 1929 955 1966 ac
975 1908 1063 1984 spira

176 2015 276 2065 menta
288 2013 460 2083 temporum,
476 2005 526 2062 sed
539 2006 678 2063 continuo
694 2012 726 2061 ot
738 2006 821 2062 velut
840 2023 900 2062 uno
919 2005 982 2062 ictu
1002 2023 1063 2060 rem

177 2104 322 2182 publicam
336 2103 478 2161 exhausit.

237 2201 334 2261 XLV.
376 2201 447 2258 Non
469 2199 546 2256 vidit
569 2198 709 2274 Agricola
731 2199 873 2256 obsessam
901 2200 1012 2256 curiam
1036 2205 1066 2256 et

178 2298 308 2356 clausum
327 2298 415 2354 armis
436 2301 576 2365 senatum,
600 2300 637 2351 et*
651 2294 750 2352 eadem
778 2300 873 2372 strage
899 2301 945 2352 tot
967 2314 1066 2352 consu·

178 2395 284 2451 larium
302 2393 409 2459 caedes,
428 2398 474 2449 tot
491 2391 734 2449 nobilissimarum
747 2393 921 2449 feminarum
935 2393 1024 2450 exilia
1037 2398 1067 2450 et
1091 2433 1095 2450 t

179 2489 268 2564 fugas.
311 2489 382 2546 Una
395 2487 489 2545 adhuc
502 2485 623 2544 victoria
644 2486 736 2544 Carus
757 2488 868 2546 Metius
888 2490 1065 2562 censebatur,

179 2592 210 2643 et
222 2587 301 2642 intra
316 2585 461 2641 Albanam
474 2602 568 2640 arcem
582 2584 728 2641 sententia
741 2585 892 2643 Messalini
911 2587 1066 2663 strepebat,

180 2689 211 2738 et
225 2681 323 2738 Massa
337 2681 462 2738 Baebius
474 2687 539 2738 turn
553 2700 618 2738 reus
633 2689 703 2741 erat.
745 2681 820 2739 Mox
833 2691 949 2741 nostrae
959 2684 1069 2741 duxero

181 2777 354 2836 Helvidium
368 2778 400 2833 in
413 2795 555 2834 carcerem
568 2795 679 2849 manus,
694 2796 747 2835 nos
760 2777 886 2838 Maurici
897 2780 1069 2855 Rusticique

181 2873 269 2943 visus,
284 2889 337 2928 nos
349 2871 496 2928 innocenti
516 2872 656 2946 sanguine
674 2871 793 2929 Senecio
812 2875 947 2949 perfudit.
988 2873 1069 2931 Nero

182 2973 281 3026 tamen
306 2965 453 3025 subtraxit
479 2966 578 3022 oculos
604 2984 679 3038 suos,
704 2968 846 3045 iussitque
873 2971 987 3042 scelera,
1010 2989 1070 3027 non

183 3061 325 3139 spectavit
335 3081 344 3134 3
365 3058 519 3138 praecipua
538 3061 593 3118 sub
613 3061 784 3120 Domitiano
803 3065 984 3124 miseriarum
1004 3087 1071 3144 pars

183 3164 247 3215 erat
272 3157 371 3214 videre
397 3163 428 3213 et
454 3156 551 3232 aspici,
577 3175 669 3232 quum
687 3159 811 3235 suspiria
831 3169 930 3219 nostra
950 3164 1071 3221 subscri-

184 3256 329 3328 berentur,
354 3271 446 3332 quum
467 3252 640 3309 denotandis
665 3259 712 3311 tot
737 3254 888 3314 homiuum
913 3257 1071 3334 palloribus

184 3353 328 3410 sufficeret
353 3369 456 3409 saevus
476 3349 527 3408 ills
551 3349 653 3409 vultus
676 3356 706 3409 et
725 3353 822 3428 rubor,
844 3373 902 3432 quo
921 3375 952 3413 se
972 3365 1073 3416 eontra

184 3449 323 3526 pudorem
337 3448 494 3506 muniebat
