2432 3784
373 219 579 282 AGRIOOLA
610 221 835 284 XL.-XLVI.
1012 228 1048 288 31

160 347 331 418 leniebatur,
360 349 430 424 quia
455 368 515 406 non
535 351 717 410 contumacia
739 371 835 428 neque
858 352 940 410 inani
962 355 1049 413 iacta·

161 441 240 496 tione
257 439 401 498 libertatis
420 441 527 498 famam
548 442 699 517 fatumque
716 444 898 518 provocabat.
942 445 1049 519 Sciant,

159 535 266 609 quibus
280 535 368 592 moris
381 541 426 592 est
438 534 542 592 illicita
555 537 663 608 mirari,
680 556 761 612 posse
783 539 872 596 etism
892 542 947 598 sub
967 544 1052 600 malis

57 647 60 656 ’
159 632 339 708 principibus
358 651 477 707 magnos
495 633 574 690 viros
593 651 662 703 esse,
687 635 915 712 obsequiumque
939 657 972 694 ac
990 658 1051 696 mo-

158 727 291 794 destiam,
312 731 337 784 si
364 727 509 784 industria
532 747 566 784 ac
584 728 668 803 vigor
689 730 790 800 assint,
819 749 853 787 eo
879 730 974 788 laudis
1001 753 1050 790 ex·

158 826 267 896 cedere,
289 844 348 901 quo
367 825 499 901 plerique
522 843 575 901 per
597 826 730 901 abrupta,
752 827 802 884 sed
821 827 854 884 in
871 829 986 888 nullum
1007 832 1049 888 rei

156 923 291 998 publicae
310 943 404 993 usum,
426 922 579 980 ambitiosa
598 929 692 980 morte
712 924 920 984 inclaruerunt

217 1018 340 1080 XLIII.
382 1019 465 1076 Finis
484 1019 563 1075 vitae
583 1020 646 1076 eius
668 1019 751 1076 nobis
772 1019 928 1088 luctuosus,
949 1022 1049 1079 amicis

158 1114 258 1187 tristis,
273 1117 420 1173 extraneis
437 1116 526 1174 etiam
545 1115 710 1191 ignotisque
730 1135 787 1172 non
810 1117 872 1173 sine
894 1136 962 1174 cura
981 1119 1045 1176 fuit

158 1210 276 1286 Vulgus
286 1231 400 1288 quoque
414 1217 445 1268 et
458 1211 506 1268 hic
519 1211 601 1268 aliud
620 1229 708 1285 agens
727 1211 853 1286 populus
873 1217 903 1268 et
923 1214 1048 1270 ventita-

158 1327 226 1364 vere
246 1308 285 1364 ad
311 1308 429 1364 domum
453 1313 484 1364 et
506 1325 559 1384 per
584 1307 647 1363 sora
666 1312 697 1362 et
717 1307 839 1364 circulos
858 1307 949 1365 locuti
968 1317 1046 1383 suut,

158 1423 211 1462 nec
231 1405 384 1481 quisquam
397 1403 497 1460 audita
515 1407 608 1459 morte
621 1402 776 1477 Agricolae
790 1409 843 1460 aut
855 1403 980 1461 laetatus
993 1417 1045 1476 cst,

157 1507 210 1560 aut
233 1501 333 1558 statim
359 1501 475 1560 oblitus.
527 1499 568 1556 Et
593 1499 719 1574 augebat
742 1499 958 1558 miserationem
982 1520 1047 1558 con·

155 1607 243 1654 stans
259 1616 358 1654 rumor
375 1614 487 1654 veneno
506 1594 709 1670 interceptum,
762 1595 857 1651 Nobis
876 1595 952 1654 nihil
973 1617 1047 1654 corn-

156 1694 233 1770 perti
255 1693 397 1750 affirmare
418 1694 520 1754 ausim.
566 1693 705 1752 Ceterum
725 1711 915 1768 peromnem
935 1695 1047 1752 valetu-

157 1789 255 1846 dinem
278 1789 349 1859 eius,
370 1790 499 1845 crebrius
519 1808 607 1864 qnam
627 1807 665 1846 ex
689 1807 768 1844 more
791 1789 971 1864 principatus
995 1811 1047 1866 per

156 1887 275 1944 nuntios
298 1887 427 1956 visentis,
450 1891 481 1942 et
504 1885 676 1944 libertorum
703 1887 791 1961 primi
814 1894 844 1944 et
867 1888 1046 1946 medicorum

156 1984 255 2042 intimi
285 2003 394 2054 venere,
422 1985 484 2040 sive
510 2003 580 2040 cura
605 1983 680 2040 illud
706 1983 767 2040 sive
793 1985 947 2059 inquisitio
973 1992 1043 2044 erat

157 2080 298 2156 Supremo
325 2080 443 2156 quidem
469 2079 517 2136 die
543 2085 692 2136 momenta
718 2080 781 2155 ipsa
808 2080 967 2138 deficientis
994 2101 1046 2157 per

156 2176 310 2252 dispositos
332 2193 461 2231 cursores
478 2173 614 2230 nuntiate
632 2175 789 2245 constabat,
811 2174 892 2231 nullo
911 2176 1045 2233 credente

155 2272 196 2328 sic
218 2270 378 2341 accelerari,
400 2289 475 2346 quae
496 2271 591 2328 tristis
617 2271 740 2328 audiret
790 2270 923 2346 Speciem
945 2277 1044 2328 tamen

155 2367 262 2424 doloris
275 2367 375 2424 animo
387 2365 531 2441 mltuque
544 2385 613 2442 prae
627 2385 657 2424 se
670 2366 749 2436 tulit,
764 2385 881 2424 sectuus
895 2367 955 2424 iam
974 2367 1042 2438 odii,

156 2469 186 2520 et
209 2463 261 2540 qui
286 2462 399 2520 facilius
427 2461 624 2518 dissimularet
651 2461 790 2536 gaudium
811 2480 900 2536 quam
923 2466 1041 2518 metum.

157 2557 232 2616 Satis
246 2559 397 2616 constabat
410 2557 485 2615 lecto
506 2563 681 2615 testamento
701 2557 863 2632 Agricolae,
885 2575 943 2632 quo
962 2556 1044 2614 cohe-

155 2653 252 2710 redem
268 2654 396 2730 optImae
417 2653 504 2710 uxori
522 2658 553 2710 et
573 2653 721 2729 piissimae
741 2653 820 2710 filiae
841 2651 1041 2709 Domitianum

155 2749 276 2824 scripsit,
290 2750 432 2806 laetatum
445 2768 512 2806 eum
525 2749 609 2806 velut
629 2749 737 2806 honore
757 2749 930 2824 iudicioque.
972 2748 1045 2805 Tam

155 2863 237 2901 caeca
250 2849 280 2900 et
293 2849 429 2918 corrupta
444 2863 525 2902 mens
545 2845 666 2902 assiduis
687 2844 904 2902 adulationibus
924 2849 995 2913 erat,
1010 2853 1045 2900 ut

155 2939 278 2996 nesciret
291 2958 309 2995 a
322 2939 398 2995 bono
410 2945 494 3016 patre
513 2958 573 2996 non
592 2940 681 2997 scribi
699 2940 836 2998 heredem
856 2939 914 2996 nisi
934 2940 1045 2998 malum

155 3035 322 3113 principem.

213 3131 330 3194 XLIV.
373 3130 470 3188 Natus
496 3137 559 3190 erat
580 3130 719 3206 Agricola
744 3131 819 3188 Gaio
843 3130 965 3188 Caesare
988 3136 1045 3186 ter-

156 3227 230 3284 tium
244 3227 362 3286 consule
382 3227 486 3284 Idibus
506 3227 601 3284 Iuniis
612 3247 621 3299 3
643 3228 766 3286 excessit
786 3232 890 3302 quarto
910 3232 941 3282 et
961 3227 1044 3300 quin-

155 3326 320 3400 quagesimo
333 3343 418 3395 anno,
434 3324 545 3382 decimo
559 3325 710 3382 Kalendas
724 3324 908 3400 Septembres
928 3323 1045 3399 Collega

156 3419 311 3497 Priscoque
325 3419 499 3480 consulibus.
542 3419 625 3489 Quod
647 3420 673 3477 si
692 3419 826 3478 habitum
846 3438 961 3496 quoque
982 3419 1044 3510 eius
