2432 3784
370 265 574 328 ramora
604 267 850 329 XIII.—XVII.
1020 273 1053 329 ll

171 393 298 473 mansit),
313 401 356 468 ut,
370 402 468 454 vetere
484 417 516 454 ac
538 398 597 454 iam
612 397 726 473 pridem
741 407 857 476 recepta
877 400 977 476 populi
998 401 1056 459 Ro-

169 491 252 549 mani
270 494 487 564 consuetudine,
502 494 623 551 haberet
642 494 841 552 instrumenta
860 497 1011 555 servitutis
1027 505 1058 556 et

170 613 261 671 reges.
295 595 371 652 Mox
385 595 492 652 Didius
506 595 609 652 Gallus
622 602 706 672 parta
719 617 737 652 a
746 597 892 672 prioribus
901 595 1056 668 continuit,

170 694 270 768 paucis
292 693 448 748 admodum
471 692 596 749 castellis
617 692 650 748 in
673 692 813 749 ulteriora
836 693 983 767 promotis,
1006 711 1059 768 per

169 808 246 864 quae
259 789 336 844 fama
348 788 428 844 aucti
440 788 526 845 officii
539 793 734 863 quaereretur.
776 787 900 844 Didium
909 787 1058 846 Veranius

169 889 293 962 excepit,
315 887 397 962 isque
416 885 496 942 intra
512 905 623 941 annum
641 885 789 942 extinctus
807 892 857 943 est.
901 884 1058 966 Suetonius

170 983 240 1039 hinc
262 982 405 1039 Paulinus
427 982 545 1038 biennio
568 999 718 1058 prosperas
739 999 786 1038 res
807 980 911 1038 habuit
932 981 1058 1039 subactis

170 1078 338 1135 nationibus
374 1079 555 1152 firmatisque
590 1078 741 1155 praesidiis
747 1096 756 1150 3
792 1097 916 1154 quorum
952 1078 1058 1135 fiducia

169 1173 292 1232 Monam
318 1175 452 1244 insulam,
481 1179 516 1230 ut
542 1174 619 1230 vires
645 1173 801 1230 rebellibus
831 1173 1056 1245 ministrantem,

168 1287 319 1345 aggressus
332 1275 415 1344 terga
427 1269 568 1326 occasioni
581 1267 724 1344 patefecit

229 1363 300 1423 XV.
344 1363 480 1439 Namque
519 1363 650 1420 absentia
689 1363 779 1439 legati
819 1370 930 1422 remoto
966 1371 1056 1436 metu,

168 1461 307 1519 Britanni
337 1462 448 1537 agitare
477 1462 555 1517 inter
581 1479 611 1517 se
638 1460 715 1516 mala
741 1460 899 1532 servitutis,
929 1461 1057 1518 conferre

166 1559 291 1616 iniurias
322 1565 352 1616 et
387 1557 607 1634 interpretando
636 1559 800 1615 accendere.
841 1555 927 1614 Nihil
957 1558 1058 1634 profici

166 1655 318 1732 patientia,
334 1655 389 1711 nisi
406 1661 442 1710 ut
457 1654 589 1729 graviora
606 1659 757 1729 tamquam
777 1671 815 1710 ex
833 1653 913 1710 facili
934 1655 1058 1711 toleran-

165 1750 247 1808 tibus
273 1751 460 1827 imperentur.
503 1750 639 1828 Singulos
665 1753 723 1808 sibi
748 1753 819 1810 clim
849 1773 930 1829 reges
958 1754 1055 1826 fuisse,

166 1865 246 1904 nunc
269 1847 352 1905 binos
375 1847 495 1927 imponi,
521 1868 537 1906 e
560 1850 666 1923 quibus
690 1850 802 1925 legatus
824 1849 857 1906 in
878 1849 1055 1925 sanguinem,

165 1950 336 2020 procurator
348 1945 381 2002 in
397 1946 473 2002 bona
489 1947 620 2005 saeviret.
662 1947 767 2022 Aeque
787 1948 959 2004 discordiam
978 1967 1058 2024 prae

165 2041 335 2117 positorum,
370 2060 462 2118 aeque
498 2042 677 2098 concordiam
717 2041 853 2100 subiectis
888 2043 1056 2118 exitiosam

165 2134 286 2191 alterius
309 2155 436 2205 manum,
460 2137 651 2207 centuriones,
674 2138 795 2194 alterius
821 2155 919 2195 servos
942 2138 1003 2195 vim
1027 2147 1058 2196 et

165 2232 355 2288 contumelias
392 2233 517 2292 miscere.
561 2233 647 2290 Nihil
683 2233 741 2290 iam
776 2236 939 2310 cupiditati,
982 2237 1057 2294 nihil

164 2329 283 2386 libidini
310 2336 470 2406 exceptum.
514 2330 552 2386 In
582 2330 691 2406 proelio
720 2331 869 2388 fortiorem
901 2350 969 2403 esse,
1006 2334 1057 2410 qui

165 2424 270 2500 spoliet
276 2441 285 2495 ;
317 2443 397 2482 nunc
428 2426 464 2481 ab
494 2425 608 2500 ignavis
637 2425 809 2502 plerumque
835 2415 872 2484 ct¹
892 2427 1058 2486 imbellibus

165 2519 240 2595 eripi
263 2520 371 2587 domos,
396 2520 526 2576 abstrahi
552 2521 664 2592 liberos,
687 2522 802 2597 iniungi
825 2522 962 2594 delectus,
986 2529 1058 2581 tam·

165 2637 255 2693 quam
271 2618 346 2674 mori
362 2623 480 2674 tantum
493 2637 546 2694 pro
559 2617 656 2694 patria
675 2618 880 2677 nescientibus.
925 2619 1057 2688 Quantu-

165 2716 228 2773 lum
240 2717 319 2772 enim
327 2714 464 2772 transisse
476 2716 613 2784 militum,
623 2718 648 2773 si
662 2735 723 2773 sese
731 2716 869 2773 Britanni
878 2721 1056 2777 numeranti

166 2809 215 2867 Sic
226 2810 397 2868 Germanias
411 2811 569 2868 excussisse
582 2811 692 2886 iugum,
703 2816 733 2868 ct
742 2811 870 2883 flumine,
882 2831 942 2870 non
952 2805 1057 2871 oceano

166 2905 284 2963 defendi
290 2925 299 2978 ;
327 2906 383 2962 eibi
407 2905 540 2981 patriam,
563 2907 706 2981 coniuges,
731 2912 873 2982 parentes,
893 2909 953 2964 illis
966 2909 1059 2964 avari-

166 3002 245 3058 tiam·
260 3007 291 3058 et
311 3001 459 3058 luxuriam
478 3021 591 3059 caussas
615 3003 685 3060 belli
708 3021 775 3060 esse.
819 3003 1000 3073 Recessuros‚
1023 3011 1058 3060 ut

167 3101 254 3156 divus
290 3099 386 3155 Iulius
419 3100 587 3166 recessisset,
622 3101 707 3156 modo
740 3102 881 3157 virtutem
916 3101 1059 3156 maiorum

167 3215 288 3254 suorum
301 3196 524 3254 aemularentur.
557 3196 642 3253 Neve
654 3196 758 3272 proelii
772 3197 859 3254 unius
872 3201 924 3253 aut
938 3196 1059 3252 alterius

168 3299 276 3350 eventu
306 3299 491 3368 pavescerent
497 3313 505 3366 ;
545 3292 612 3368 plus
651 3293 786 3368 impetus,
822 3294 960 3350 maiorem
995 3311 1059 3349 con-

169 3389 308 3443 stantiam
323 3405 410 3462 penes
423 3387 542 3444 miseros
555 3405 623 3445 esse.
665 3389 730 3444 Iam
744 3388 952 3445 Britannorum
970 3387 1056 3444 etiam

170 3481 239 3539 deos
260 3481 399 3553 misereri,
428 3483 479 3558 qui
506 3483 672 3539 Romanurn
699 3483 803 3541 ducem
825 3485 983 3550 absentem,
1007 3485 1058 3557 qui
