2446 3784
156 237 174 294 8
415 231 618 294 CORNELII
644 230 788 292 riom

156 361 311 422 ducdmen
326 361 429 436 cepitis
445 360 603 420 intendere.
655 358 817 417 Distinctio
832 376 991 434 posuerim
1008 377 1047 416 ex

156 460 270 519 delicto.
317 457 486 514 Proditores
507 463 539 514 et
561 457 727 532 transfugas
752 456 905 513 arboribus
931 473 1049 530 suspen-

157 557 240 626 dunt,
255 540 374 629 ignavos
388 559 418 610 et
431 552 563 610 imbelles
581 558 612 611 et
632 570 751 628 corpore
769 551 893 608 infames
913 564 1001 607 coeno
1014 569 1049 607 ac

157 653 263 729 palude
289 651 397 708 iniecta
423 649 543 727 insuper
570 657 649 708 crate
680 655 826 725 mergunt.
883 649 1048 706 Diversites

158 747 294 824 supplicii
306 747 376 804 illuc
389 747 516 822 respicit,
534 753 682 822 tamquam
705 747 813 804 scelera
832 745 947 804 ostendi
967 764 1050 820 opor·

157 852 229 933 teat,
252 845 325 901 dum
344 843 517 920 puniuntur,
536 843 647 918 flagitia
666 842 811 900 abscondi.
854 842 959 900 Sedet
978 841 1049 898 levi·

159 941 258 998 oribus
270 939 384 996 delictis
396 957 449 1014 pro
463 937 549 994 modo
561 956 655 1013 poena
666 958 675 1010 3
696 955 839 1013 equorum
855 953 1049 1014 pecorumque

159 1032 281 1094 numero
300 1037 427 1094 convicti
443 1036 633 1093 mulctentur.
684 1033 758 1091 Pars
774 1034 902 1090 mulctae
919 1033 982 1108 rogi
1002 1033 1048 1090 vel

160 1133 281 1203 civitati,
296 1150 363 1207 pers
381 1131 443 1206 ipsi,
465 1129 518 1205 qui
535 1129 710 1200 vindicatur,
731 1129 779 1185 vel
796 1129 969 1205 propinquis
988 1128 1052 1186 eius

129 1283 131 1288 .
161 1231 329 1289 exsolvitur.
371 1228 531 1304 Eliguntur
543 1227 576 1285 in
588 1227 693 1285 iisdem
705 1229 835 1286 conciliis
849 1235 880 1284 et
894 1228 1049 1304 principes,

161 1327 213 1403 qui
225 1327 291 1383 iura
303 1345 356 1402 per
368 1343 456 1400 pagos
469 1325 605 1400 vicosque
618 1324 754 1382 reddunt.
790 1323 915 1381 Genteni
928 1323 1053 1398 singulis

161 1439 200 1478 ex
212 1420 296 1496 plebe
307 1420 428 1480 ,comites
441 1417 594 1476 consilium
607 1419 694 1478 simul
707 1425 738 1476 et
751 1419 908 1475 auctoritas
921 1417 1037 1474 adsunt

222 1515 319 1574 XIII.
361 1514 448 1572 Nihil
474 1520 574 1573 autem
596 1534 690 1591 neque
714 1515 847 1592 publicae
874 1533 970 1590 neque
993 1516 1053 1590 pri·

126 1603 133 1618 ’
165 1620 248 1672 ratae
264 1613 308 1670 rei
327 1612 386 1670 nisi
406 1613 513 1670 armati
533 1619 633 1688 agunt
683 1613 741 1670 Sed
761 1632 842 1670 arma
862 1631 977 1670 sumere
991 1632 1053 1670 non

163 1716 232 1768 ante
254 1709 390 1784 cuiquam
411 1708 501 1764 moris
519 1727 608 1784 quam
623 1709 726 1766 civitas
746 1709 936 1766 suffecturum
951 1709 1055 1784 proba·

164 1806 248 1863 verit.
290 1804 367 1861 Tum
379 1803 412 1860 in
425 1803 490 1880 ipso
502 1804 623 1861 concilio
637 1803 684 1860 vel
697 1804 862 1880 principum
879 1805 987 1880 aliquis
1004 1803 1054 1862 vel

165 1907 247 1977 pater
259 1900 307 1956 vel
322 1899 480 1975 propinqui
497 1905 579 1956 scuto
597 1901 763 1975 frameaque
783 1901 920 1958 iuvenem
936 1908 1051 1960 ornant

167 1999 248 2056 Haec
269 1998 348 2073 apud
368 1997 434 2054 illos
459 2002 536 2073 toga,
564 1997 613 2054 hic
639 1997 750 2072 primus
776 1997 915 2054 iuventae
941 1999 1033 2056 honos
1043 2019 1053 2071 3

165 2095 300 2152 antehoc
313 2095 416 2152 domus
429 2113 497 2170 pars
509 2093 657 2162 videntur,
669 2113 740 2151 mox
758 2095 803 2151 rei
821 2096 961 2171 publicae
1005 2096 1056 2152 In-

165 2193 255 2270 signis
281 2192 420 2250 nobilitss
445 2196 499 2248 aut
524 2209 629 2268 magna
651 2196 767 2267 patrum
788 2193 895 2249 merita
915 2192 1056 2269 principis

165 2287 363 2364 dignationem
384 2288 475 2343 etiam
498 2285 719 2343 adolescentuIIs
742 2287 900 2362 assignant
945 2287 1057 2344 (leteris

167 2384 376 2442 robustioribus
388 2402 422 2440 ae
435 2383 495 2440 iam
507 2381 621 2459 pridem
636 2382 766 2458 probatis
785 2389 987 2459 aggregantur,
1002 2403 1057 2441 nec

168 2481 255 2538 rubor
267 2480 347 2536 inter
360 2480 479 2536 comites
497 2477 596 2554 aspici
639 2478 754 2536 Gradus
771 2478 952 2554 quinetiam
972 2480 1058 2536 comi-

167 2587 247 2636 tatus
259 2579 349 2635 habet
361 2577 470 2634 iudicio
483 2577 553 2647 eius,
572 2594 661 2651 quem
680 2581 837 2646 sectantur,
851 2593 1014 2651 magnaque
1028 2589 1059 2632 et

167 2675 307 2733 comitum
334 2673 499 2742 aemulatio,
524 2671 631 2747 quibus
656 2671 768 2747 primus
795 2671 874 2745 apud
896 2670 1059 2746 principem

167 2791 254 2829 suum
280 2771 369 2841 locus,
394 2774 425 2825 et
451 2767 626 2844 principum,
651 2766 700 2824 cui
725 2765 847 2842 plurimi
873 2772 903 2824 et
924 2765 1059 2823 acerrimi

168 2871 294 2927 comites.
347 2866 432 2924 Haec
454 2866 589 2942 dignitas,
614 2864 669 2922 hae
690 2864 787 2937 vires;
818 2881 923 2941 magno
947 2883 1061 2940 semper

170 2965 326 3023 electorum
338 2963 479 3020 iuvenum
492 2961 577 3038 globo
591 2960 764 3018 circumdari
777 2961 810 3017 in
826 2979 896 3035 pace
916 2959 1011 3032 decus,
1027 2961 1060 3018 in

170 3062 246 3120 bello
269 3060 456 3138 praesidium.
504 3058 570 3116 Nec
593 3058 687 3115 solum
708 3059 741 3114 in
764 3075 817 3114 sua
837 3062 924 3133 gente
946 3058 1059 3133 cuique,

170 3158 221 3214 sed
248 3156 326 3233 apud
352 3155 494 3212 finitimas
520 3173 637 3230 quoque
663 3152 799 3211 deitates
826 3153 857 3210 id
883 3171 998 3225 nomen,
1027 3172 1062 3210 ea
1133 3203 1138 3216 ‚

171 3254 263 3329 gloria
289 3260 341 3326 est,
370 3252 538 3310 sinumero
559 3271 593 3309 ao
614 3251 726 3308 virtute
748 3251 902 3308 comitatus
924 3251 1061 3309 emisset.

171 3352 361 3428 Expetuntur
374 3350 454 3408 enim
467 3349 669 3426 legationibus,
683 3353 714 3406 et
726 3349 897 3406 muneribus
910 3355 1061 3421 ornantur,

172 3455 202 3503 et
215 3448 278 3525 ipsa
290 3447 462 3524 plerumque
474 3446 552 3504 fama
565 3445 641 3504 bella
655 3444 817 3522 profligant
