<?xml version="1.0" encoding="UTF-8"?>
<!DOCTYPE html PUBLIC "-//W3C//DTD XHTML 1.0 Transitional//EN"
    "http://www.w3.org/TR/xhtml1/DTD/xhtml1-transitional.dtd">
<html xmlns="http://www.w3.org/1999/xhtml" xml:lang="en" lang="en">
 <head>
  <title>
</title>
<meta http-equiv="Content-Type" content="text/html;charset=utf-8" />
  <meta name='ocr-system' content='tesseract 3.04.00' />
  <meta name='ocr-capabilities' content='ocr_page ocr_carea ocr_par ocr_line ocrx_word'/>
</head>
<body>
  <div class='ocr_page' id='page_1' title='image "./agricolaandgerm03tacigoog_0029.png"; bbox 0 0 2432 3784; ppageno 0'>
   <div class='ocr_carea' id='block_1_1' title="bbox 206 247 909 322">
    <p class='ocr_par' dir='ltr' id='par_1_1' title="bbox 206 247 909 322">
     <span class='ocr_line' id='line_1_1' title="bbox 206 247 909 322; baseline 0.009 -18"><span class='ocrx_word' id='word_1_1' title='bbox 206 248 282 305; x_wconf 85' lang='lat' dir='ltr'>xxiv</span> <span class='ocrx_word' id='word_1_2' title='bbox 385 249 518 307; x_wconf 67' lang='lat' dir='ltr'><em>TABLE</em></span> <span class='ocrx_word' id='word_1_3' title='bbox 545 247 599 308; x_wconf 76' lang='lat' dir='ltr'>OF</span> <span class='ocrx_word' id='word_1_4' title='bbox 621 249 833 322; x_wconf 67' lang='lat' dir='ltr'><strong><em>PASSAGES,</em></strong></span> <span class='ocrx_word' id='word_1_5' title='bbox 861 253 909 310; x_wconf 66' lang='lat' dir='ltr'>etc.</span> 
     </span>
    </p>
   </div>
   <div class='ocr_carea' id='block_1_2' title="bbox 395 402 964 452">
    <p class='ocr_par' dir='ltr' id='par_1_2' title="bbox 395 402 964 452">
     <span class='ocr_line' id='line_1_2' title="bbox 395 402 964 452; baseline -0.004 0"><span class='ocrx_word' id='word_1_6' title='bbox 395 403 503 452; x_wconf 80' lang='lat' dir='ltr'>Oanunn</span> <span class='ocrx_word' id='word_1_7' title='bbox 815 402 844 452; x_wconf 79' lang='lat' dir='ltr'>O.</span> <span class='ocrx_word' id='word_1_8' title='bbox 862 415 917 451; x_wconf 75' lang='lat' dir='ltr'>suu</span> <span class='ocrx_word' id='word_1_9' title='bbox 932 403 964 451; x_wconf 89' lang='lat' dir='ltr'>B.</span> 
     </span>
    </p>
   </div>
   <div class='ocr_carea' id='block_1_3' title="bbox 211 511 1095 3147">
    <p class='ocr_par' dir='ltr' id='par_1_3' title="bbox 211 511 1095 3147">
     <span class='ocr_line' id='line_1_3' title="bbox 230 511 895 563; baseline 0 -1"><span class='ocrx_word' id='word_1_10' title='bbox 230 514 322 563; x_wconf 91' lang='lat' dir='ltr'>XXX.</span> <span class='ocrx_word' id='word_1_11' title='bbox 349 513 427 562; x_wconf 85' lang='lat' dir='ltr'>totius</span> <span class='ocrx_word' id='word_1_12' title='bbox 439 511 584 562; x_wconf 80' lang='lat' dir='ltr'>Britanniae</span> <span class='ocrx_word' id='word_1_13' title='bbox 693 513 741 560; x_wconf 91' lang='lat' dir='ltr'>toti</span> <span class='ocrx_word' id='word_1_14' title='bbox 751 512 895 562; x_wconf 74' lang='lat' dir='ltr'>Britanniae</span> 
     </span>
     <span class='ocr_line' id='line_1_4' title="bbox 225 591 1094 657; baseline 0.007 -17"><span class='ocrx_word' id='word_1_15' title='bbox 225 592 331 641; x_wconf 87' lang='lat' dir='ltr'>XXXI.</span> <span class='ocrx_word' id='word_1_16' title='bbox 349 593 415 641; x_wconf 86' lang='lat' dir='ltr'>bona</span> <span class='ocrx_word' id='word_1_17' title='bbox 424 591 585 653; x_wconf 80' lang='lat' dir='ltr'>fortunasque</span> <span class='ocrx_word' id='word_1_18' title='bbox 598 591 678 638; x_wconf 84' lang='lat' dir='ltr'>intri-</span> <span class='ocrx_word' id='word_1_19' title='bbox 695 592 760 640; x_wconf 87' lang='lat' dir='ltr'>bona</span> <span class='ocrx_word' id='word_1_20' title='bbox 784 592 946 657; x_wconf 69' lang='lat' dir='ltr'><strong>fortunaeque</strong></span> <span class='ocrx_word' id='word_1_21' title='bbox 967 596 993 643; x_wconf 94' lang='lat' dir='ltr'>in</span> <span class='ocrx_word' id='word_1_22' title='bbox 1017 597 1094 646; x_wconf 78' lang='lat' dir='ltr'>tsibu-</span> 
     </span>
     <span class='ocr_line' id='line_1_5' title="bbox 384 674 1095 738; baseline 0.007 -16"><span class='ocrx_word' id='word_1_23' title='bbox 384 674 472 722; x_wconf 88' lang='lat' dir='ltr'>butum</span> <span class='ocrx_word' id='word_1_24' title='bbox 489 677 615 736; x_wconf 78' lang='lat' dir='ltr'><strong>aggerant,</strong></span> <span class='ocrx_word' id='word_1_25' title='bbox 636 687 679 720; x_wconf 88' lang='lat' dir='ltr'>an-</span> <span class='ocrx_word' id='word_1_26' title='bbox 727 677 790 732; x_wconf 82' lang='lat' dir='ltr'>tum,</span> <span class='ocrx_word' id='word_1_27' title='bbox 804 689 862 736; x_wconf 83' lang='lat' dir='ltr'>ager</span> <span class='ocrx_word' id='word_1_28' title='bbox 878 680 953 738; x_wconf 79' lang='lat' dir='ltr'>etque</span> <span class='ocrx_word' id='word_1_29' title='bbox 971 692 1051 726; x_wconf 89' lang='lat' dir='ltr'>annus</span> <span class='ocrx_word' id='word_1_30' title='bbox 1068 680 1095 727; x_wconf 91' lang='lat' dir='ltr'>in</span> 
     </span>
     <span class='ocr_line' id='line_1_6' title="bbox 382 755 1095 823; baseline 0.008 -19"><span class='ocrx_word' id='word_1_31' title='bbox 382 771 443 804; x_wconf 91' lang='lat' dir='ltr'>num</span> <span class='ocrx_word' id='word_1_32' title='bbox 466 755 492 803; x_wconf 90' lang='lat' dir='ltr'>in</span> <span class='ocrx_word' id='word_1_33' title='bbox 518 756 678 813; x_wconf 83' lang='lat' dir='ltr'>frumentum,</span> <span class='ocrx_word' id='word_1_34' title='bbox 728 755 889 818; x_wconf 80' lang='lat' dir='ltr'>frumentum,</span> <span class='ocrx_word' id='word_1_35' title='bbox 913 773 1016 822; x_wconf 79' lang='lat' dir='ltr'>corpora</span> <span class='ocrx_word' id='word_1_36' title='bbox 1040 761 1095 823; x_wconf 81' lang='lat' dir='ltr'>ipsa</span> 
     </span>
     <span class='ocr_line' id='line_1_7' title="bbox 384 835 1093 902; baseline 0.008 -18"><span class='ocrx_word' id='word_1_37' title='bbox 384 851 484 898; x_wconf 80' lang='lat' dir='ltr'>corpora</span> <span class='ocrx_word' id='word_1_38' title='bbox 494 835 546 898; x_wconf 85' lang='lat' dir='ltr'>ipsa</span> <span class='ocrx_word' id='word_1_39' title='bbox 554 851 583 883; x_wconf 88' lang='lat' dir='ltr'>ac</span> <span class='ocrx_word' id='word_1_40' title='bbox 593 850 682 883; x_wconf 88' lang='lat' dir='ltr'>manus</span> <span class='ocrx_word' id='word_1_41' title='bbox 729 851 759 883; x_wconf 88' lang='lat' dir='ltr'>ac</span> <span class='ocrx_word' id='word_1_42' title='bbox 773 852 860 885; x_wconf 88' lang='lat' dir='ltr'>manus</span> <span class='ocrx_word' id='word_1_43' title='bbox 877 838 944 886; x_wconf 83' lang='lat' dir='ltr'>silvis</span> <span class='ocrx_word' id='word_1_44' title='bbox 957 855 987 887; x_wconf 85' lang='lat' dir='ltr'>ac</span> <span class='ocrx_word' id='word_1_45' title='bbox 998 841 1093 902; x_wconf 86' lang='lat' dir='ltr'>paludi-</span> 
     </span>
     <span class='ocr_line' id='line_1_8' title="bbox 385 915 1094 979; baseline 0.01 -15"><span class='ocrx_word' id='word_1_46' title='bbox 385 917 452 964; x_wconf 85' lang='lat' dir='ltr'>silvis</span> <span class='ocrx_word' id='word_1_47' title='bbox 486 932 516 964; x_wconf 82' lang='lat' dir='ltr'>oc</span> <span class='ocrx_word' id='word_1_48' title='bbox 548 915 679 979; x_wconf 81' lang='lat' dir='ltr'>paludibus</span> <span class='ocrx_word' id='word_1_49' title='bbox 727 917 774 964; x_wconf 90' lang='lat' dir='ltr'>bus</span> <span class='ocrx_word' id='word_1_50' title='bbox 789 920 939 968; x_wconf 86' lang='lat' dir='ltr'>emuniendis</span> <span class='ocrx_word' id='word_1_51' title='bbox 958 920 1023 970; x_wconf 86' lang='lat' dir='ltr'>inter</span> <span class='ocrx_word' id='word_1_52' title='bbox 1039 938 1094 970; x_wconf 84' lang='lat' dir='ltr'>ver·</span> 
     </span>
     <span class='ocr_line' id='line_1_9' title="bbox 384 995 1093 1050; baseline 0.011 -8"><span class='ocrx_word' id='word_1_53' title='bbox 384 995 536 1044; x_wconf 81' lang='lat' dir='ltr'>emuniendis</span> <span class='ocrx_word' id='word_1_54' title='bbox 550 995 614 1043; x_wconf 87' lang='lat' dir='ltr'>inter</span> <span class='ocrx_word' id='word_1_55' title='bbox 628 1011 681 1042; x_wconf 83' lang='lat' dir='ltr'>ver·</span> <span class='ocrx_word' id='word_1_56' title='bbox 731 996 788 1044; x_wconf 85' lang='lat' dir='ltr'>bera</span> <span class='ocrx_word' id='word_1_57' title='bbox 799 1002 824 1044; x_wconf 90' lang='lat' dir='ltr'>et</span> <span class='ocrx_word' id='word_1_58' title='bbox 835 1000 994 1048; x_wconf 76' lang='lat' dir='ltr'>contumelias</span> <span class='ocrx_word' id='word_1_59' title='bbox 1011 1007 1093 1050; x_wconf 90' lang='lat' dir='ltr'>conte·</span> 
     </span>
     <span class='ocr_line' id='line_1_10' title="bbox 384 1076 817 1126; baseline 0.005 -2"><span class='ocrx_word' id='word_1_60' title='bbox 384 1076 442 1124; x_wconf 84' lang='lat' dir='ltr'>bera</span> <span class='ocrx_word' id='word_1_61' title='bbox 466 1092 496 1124; x_wconf 83' lang='lat' dir='ltr'>ac</span> <span class='ocrx_word' id='word_1_62' title='bbox 520 1076 679 1125; x_wconf 88' lang='lat' dir='ltr'>contumelias</span> <span class='ocrx_word' id='word_1_63' title='bbox 728 1082 817 1126; x_wconf 87' lang='lat' dir='ltr'>ruutur</span> 
     </span>
     <span class='ocr_line' id='line_1_11' title="bbox 383 1161 514 1206; baseline 0.008 -1"><span class='ocrx_word' id='word_1_64' title='bbox 383 1161 514 1206; x_wconf 87' lang='lat' dir='ltr'>conterunt</span> 
     </span>
     <span class='ocr_line' id='line_1_12' title="bbox 214 1236 743 1287; baseline -0.004 -1"><span class='ocrx_word' id='word_1_65' title='bbox 214 1239 335 1287; x_wconf 85' lang='lat' dir='ltr'>XXXII.</span> <span class='ocrx_word' id='word_1_66' title='bbox 354 1239 433 1286; x_wconf 86' lang='lat' dir='ltr'>nisisi</span> <span class='ocrx_word' id='word_1_67' title='bbox 696 1236 743 1284; x_wconf 85' lang='lat' dir='ltr'>nisi</span> 
     </span>
     <span class='ocr_line' id='line_1_13' title="bbox 351 1315 1066 1368; baseline 0.004 -4"><span class='ocrx_word' id='word_1_68' title='bbox 351 1317 449 1364; x_wconf 83' lang='lat' dir='ltr'>infirma</span> <span class='ocrx_word' id='word_1_69' title='bbox 459 1315 541 1364; x_wconf 83' lang='lat' dir='ltr'>vincla</span> <span class='ocrx_word' id='word_1_70' title='bbox 551 1315 661 1364; x_wconf 84' lang='lat' dir='ltr'>caritatis</span> <span class='ocrx_word' id='word_1_71' title='bbox 694 1315 791 1364; x_wconf 89' lang='lat' dir='ltr'>infirma</span> <span class='ocrx_word' id='word_1_72' title='bbox 801 1316 881 1365; x_wconf 87' lang='lat' dir='ltr'>vincla</span> <span class='ocrx_word' id='word_1_73' title='bbox 892 1317 944 1365; x_wconf 93' lang='lat' dir='ltr'>loco</span> <span class='ocrx_word' id='word_1_74' title='bbox 955 1319 1066 1368; x_wconf 87' lang='lat' dir='ltr'>caritatis</span> 
     </span>
     <span class='ocr_line' id='line_1_14' title="bbox 219 1397 804 1447; baseline -0.002 0"><span class='ocrx_word' id='word_1_75' title='bbox 219 1399 338 1447; x_wconf 87' lang='lat' dir='ltr'>XXXV.</span> <span class='ocrx_word' id='word_1_76' title='bbox 354 1398 457 1447; x_wconf 78' lang='lat' dir='ltr'>bellanti</span> <span class='ocrx_word' id='word_1_77' title='bbox 697 1397 804 1446; x_wconf 85' lang='lat' dir='ltr'>bellandi</span> 
     </span>
     <span class='ocr_line' id='line_1_15' title="bbox 351 1481 777 1543; baseline 0 -15"><span class='ocrx_word' id='word_1_78' title='bbox 351 1481 465 1543; x_wconf 86' lang='lat' dir='ltr'>ineequc</span> <span class='ocrx_word' id='word_1_79' title='bbox 699 1495 777 1543; x_wconf 82' lang='lat' dir='ltr'>aequo</span> 
     </span>
     <span class='ocr_line' id='line_1_16' title="bbox 351 1561 799 1610; baseline 0.002 -1"><span class='ocrx_word' id='word_1_80' title='bbox 351 1561 454 1609; x_wconf 84' lang='lat' dir='ltr'>convexi</span> <span class='ocrx_word' id='word_1_81' title='bbox 695 1562 799 1610; x_wconf 83' lang='lat' dir='ltr'>connexi</span> 
     </span>
     <span class='ocr_line' id='line_1_17' title="bbox 351 1643 931 1708; baseline 0 -16"><span class='ocrx_word' id='word_1_82' title='bbox 351 1643 505 1692; x_wconf 80' lang='lat' dir='ltr'>covinnaxius</span> <span class='ocrx_word' id='word_1_83' title='bbox 515 1647 541 1692; x_wconf 91' lang='lat' dir='ltr'>et</span> <span class='ocrx_word' id='word_1_84' title='bbox 552 1659 626 1707; x_wconf 85' lang='lat' dir='ltr'>eques</span> <span class='ocrx_word' id='word_1_85' title='bbox 694 1644 848 1694; x_wconf 78' lang='lat' dir='ltr'>covinnarius</span> <span class='ocrx_word' id='word_1_86' title='bbox 859 1661 931 1708; x_wconf 85' lang='lat' dir='ltr'>eques</span> 
     </span>
     <span class='ocr_line' id='line_1_18' title="bbox 211 1721 968 1776; baseline 0.003 -6"><span class='ocrx_word' id='word_1_87' title='bbox 211 1721 341 1772; x_wconf 86' lang='lat' dir='ltr'>XXXVI</span> <span class='ocrx_word' id='word_1_88' title='bbox 353 1727 404 1772; x_wconf 88' lang='lat' dir='ltr'>tres</span> <span class='ocrx_word' id='word_1_89' title='bbox 410 1723 562 1773; x_wconf 79' lang='lat' dir='ltr'>Batavorum</span> <span class='ocrx_word' id='word_1_90' title='bbox 568 1725 679 1772; x_wconf 87' lang='lat' dir='ltr'>cohortes</span> <span class='ocrx_word' id='word_1_91' title='bbox 696 1724 847 1776; x_wconf 84' lang='lat' dir='ltr'>Batavorum</span> <span class='ocrx_word' id='word_1_92' title='bbox 857 1726 968 1776; x_wconf 83' lang='lat' dir='ltr'>cohortes</span> 
     </span>
     <span class='ocr_line' id='line_1_19' title="bbox 352 1805 807 1854; baseline 0 -1"><span class='ocrx_word' id='word_1_93' title='bbox 352 1805 498 1854; x_wconf 71' lang='lat' dir='ltr'>commixtae</span> <span class='ocrx_word' id='word_1_94' title='bbox 694 1806 807 1854; x_wconf 86' lang='lat' dir='ltr'>connisae</span> 
     </span>
     <span class='ocr_line' id='line_1_20' title="bbox 350 1882 1088 1949; baseline 0.004 -16"><span class='ocrx_word' id='word_1_95' title='bbox 350 1886 498 1949; x_wconf 85' lang='lat' dir='ltr'>minimeque</span> <span class='ocrx_word' id='word_1_96' title='bbox 515 1882 671 1948; x_wconf 86' lang='lat' dir='ltr'>†equestres.</span> <span class='ocrx_word' id='word_1_97' title='bbox 690 1886 837 1949; x_wconf 88' lang='lat' dir='ltr'>minimeque</span> <span class='ocrx_word' id='word_1_98' title='bbox 854 1885 971 1948; x_wconf 85' lang='lat' dir='ltr'>equestris</span> <span class='ocrx_word' id='word_1_99' title='bbox 988 1901 1018 1932; x_wconf 87' lang='lat' dir='ltr'>ea</span> <span class='ocrx_word' id='word_1_100' title='bbox 1035 1887 1088 1949; x_wconf 86' lang='lat' dir='ltr'>jam</span> 
     </span>
     <span class='ocr_line' id='line_1_21' title="bbox 383 1965 1089 2030; baseline 0.003 -17"><span class='ocrx_word' id='word_1_101' title='bbox 383 1966 421 2013; x_wconf 80' lang='lat' dir='ltr'>Ea</span> <span class='ocrx_word' id='word_1_102' title='bbox 429 1967 493 2014; x_wconf 90' lang='lat' dir='ltr'>enim</span> <span class='ocrx_word' id='word_1_103' title='bbox 501 1965 677 2030; x_wconf 83' lang='lat' dir='ltr'>pugnaefacies</span> <span class='ocrx_word' id='word_1_104' title='bbox 726 1981 823 2028; x_wconf 77' lang='lat' dir='ltr'>pugnae</span> <span class='ocrx_word' id='word_1_105' title='bbox 839 1966 912 2013; x_wconf 84' lang='lat' dir='ltr'>facies</span> <span class='ocrx_word' id='word_1_106' title='bbox 932 1970 991 2024; x_wconf 85' lang='lat' dir='ltr'>erat,</span> <span class='ocrx_word' id='word_1_107' title='bbox 1010 1981 1089 2030; x_wconf 90' lang='lat' dir='ltr'>quum</span> 
     </span>
     <span class='ocr_line' id='line_1_22' title="bbox 382 2047 1088 2111; baseline 0 -15"><span class='ocrx_word' id='word_1_108' title='bbox 382 2053 500 2108; x_wconf 84' lang='lat' dir='ltr'>erat,cum</span> <span class='ocrx_word' id='word_1_109' title='bbox 508 2065 580 2111; x_wconf 80' lang='lat' dir='ltr'>aegra</span> <span class='ocrx_word' id='word_1_110' title='bbox 587 2049 629 2097; x_wconf 90' lang='lat' dir='ltr'>diu</span> <span class='ocrx_word' id='word_1_111' title='bbox 635 2055 678 2098; x_wconf 85' lang='lat' dir='ltr'>aut</span> <span class='ocrx_word' id='word_1_112' title='bbox 726 2064 797 2110; x_wconf 85' lang='lat' dir='ltr'>aegre</span> <span class='ocrx_word' id='word_1_113' title='bbox 810 2047 872 2094; x_wconf 89' lang='lat' dir='ltr'>clivo</span> <span class='ocrx_word' id='word_1_114' title='bbox 883 2048 1002 2095; x_wconf 75' lang='lat' dir='ltr'>instantes</span> <span class='ocrx_word' id='word_1_115' title='bbox 1015 2047 1088 2097; x_wconf 90' lang='lat' dir='ltr'>simul</span> 
     </span>
     <span class='ocr_line' id='line_1_23' title="bbox 381 2128 843 2192; baseline -0.004 -17"><span class='ocrx_word' id='word_1_116' title='bbox 381 2133 463 2176; x_wconf 88' lang='lat' dir='ltr'>stante</span> <span class='ocrx_word' id='word_1_117' title='bbox 474 2128 546 2176; x_wconf 90' lang='lat' dir='ltr'>simul</span> <span class='ocrx_word' id='word_1_118' title='bbox 556 2144 672 2191; x_wconf 90' lang='lat' dir='ltr'>equorum</span> <span class='ocrx_word' id='word_1_119' title='bbox 726 2142 843 2192; x_wconf 89' lang='lat' dir='ltr'>equorum</span> 
     </span>
     <span class='ocr_line' id='line_1_24' title="bbox 240 2208 1032 2258; baseline -0.001 -2"><span class='ocrx_word' id='word_1_120' title='bbox 240 2209 314 2258; x_wconf 87' lang='lat' dir='ltr'>XLI.</span> <span class='ocrx_word' id='word_1_121' title='bbox 350 2224 406 2257; x_wconf 92' lang='lat' dir='ltr'>cum</span> <span class='ocrx_word' id='word_1_122' title='bbox 417 2209 546 2257; x_wconf 87' lang='lat' dir='ltr'>formidine</span> <span class='ocrx_word' id='word_1_123' title='bbox 557 2225 640 2258; x_wconf 87' lang='lat' dir='ltr'>eorum</span> <span class='ocrx_word' id='word_1_124' title='bbox 694 2224 751 2256; x_wconf 91' lang='lat' dir='ltr'>cum</span> <span class='ocrx_word' id='word_1_125' title='bbox 760 2208 888 2256; x_wconf 83' lang='lat' dir='ltr'>formidine</span> <span class='ocrx_word' id='word_1_126' title='bbox 899 2212 1032 2256; x_wconf 85' lang='lat' dir='ltr'>ceterorum</span> 
     </span>
     <span class='ocr_line' id='line_1_25' title="bbox 233 2289 1078 2351; baseline 0.001 -15"><span class='ocrx_word' id='word_1_127' title='bbox 233 2289 321 2337; x_wconf 93' lang='lat' dir='ltr'>XLII.</span> <span class='ocrx_word' id='word_1_128' title='bbox 350 2289 460 2336; x_wconf 88' lang='lat' dir='ltr'>iturusne</span> <span class='ocrx_word' id='word_1_129' title='bbox 471 2293 534 2336; x_wconf 86' lang='lat' dir='ltr'>esset</span> <span class='ocrx_word' id='word_1_130' title='bbox 694 2290 804 2336; x_wconf 88' lang='lat' dir='ltr'>iturusne</span> <span class='ocrx_word' id='word_1_131' title='bbox 815 2289 1078 2351; x_wconf 84' lang='lat' dir='ltr'>essetinprovinciam</span> 
     </span>
     <span class='ocr_line' id='line_1_26' title="bbox 227 2367 984 2418; baseline 0.004 -4"><span class='ocrx_word' id='word_1_132' title='bbox 227 2367 333 2417; x_wconf 87' lang='lat' dir='ltr'>XLIII.</span> <span class='ocrx_word' id='word_1_133' title='bbox 350 2367 435 2415; x_wconf 86' lang='lat' dir='ltr'>statim</span> <span class='ocrx_word' id='word_1_134' title='bbox 445 2368 535 2415; x_wconf 90' lang='lat' dir='ltr'>oblitus</span> <span class='ocrx_word' id='word_1_135' title='bbox 546 2372 583 2416; x_wconf 91' lang='lat' dir='ltr'>est</span> <span class='ocrx_word' id='word_1_136' title='bbox 693 2370 777 2416; x_wconf 86' lang='lat' dir='ltr'>statim</span> <span class='ocrx_word' id='word_1_137' title='bbox 789 2369 887 2417; x_wconf 87' lang='lat' dir='ltr'>oblitus.</span> <span class='ocrx_word' id='word_1_138' title='bbox 920 2369 984 2418; x_wconf 81' lang='lat' dir='ltr'>Et...</span> 
     </span>
     <span class='ocr_line' id='line_1_27' title="bbox 228 2447 1085 2512; baseline 0.002 -17"><span class='ocrx_word' id='word_1_139' title='bbox 228 2447 327 2495; x_wconf 90' lang='lat' dir='ltr'>XLIV.</span> <span class='ocrx_word' id='word_1_140' title='bbox 347 2447 451 2495; x_wconf 83' lang='lat' dir='ltr'>excessit</span> <span class='ocrx_word' id='word_1_141' title='bbox 469 2452 539 2496; x_wconf 81' lang='lat' dir='ltr'>sexto</span> <span class='ocrx_word' id='word_1_142' title='bbox 558 2453 583 2496; x_wconf 88' lang='lat' dir='ltr'>et</span> <span class='ocrx_word' id='word_1_143' title='bbox 602 2448 673 2511; x_wconf 92' lang='lat' dir='ltr'>quin·</span> <span class='ocrx_word' id='word_1_144' title='bbox 690 2448 792 2497; x_wconf 88' lang='lat' dir='ltr'>excessit</span> <span class='ocrx_word' id='word_1_145' title='bbox 812 2454 900 2512; x_wconf 86' lang='lat' dir='ltr'>quarto</span> <span class='ocrx_word' id='word_1_146' title='bbox 921 2453 947 2497; x_wconf 90' lang='lat' dir='ltr'>et</span> <span class='ocrx_word' id='word_1_147' title='bbox 966 2451 1085 2511; x_wconf 86' lang='lat' dir='ltr'>quinqua·</span> 
     </span>
     <span class='ocr_line' id='line_1_28' title="bbox 380 2527 890 2592; baseline 0.004 -18"><span class='ocrx_word' id='word_1_148' title='bbox 380 2527 596 2590; x_wconf 81' lang='lat' dir='ltr'>quegesimoanno</span> <span class='ocrx_word' id='word_1_149' title='bbox 723 2529 814 2592; x_wconf 81' lang='lat' dir='ltr'>gesimo</span> <span class='ocrx_word' id='word_1_150' title='bbox 825 2544 890 2576; x_wconf 90' lang='lat' dir='ltr'>anno</span> 
     </span>
     <span class='ocr_line' id='line_1_29' title="bbox 348 2607 1081 2658; baseline -0.001 -3"><span class='ocrx_word' id='word_1_151' title='bbox 348 2607 374 2655; x_wconf 93' lang='lat' dir='ltr'>in</span> <span class='ocrx_word' id='word_1_152' title='bbox 388 2607 434 2656; x_wconf 84' lang='lat' dir='ltr'>hac</span> <span class='ocrx_word' id='word_1_153' title='bbox 451 2607 583 2656; x_wconf 83' lang='lat' dir='ltr'>beatissimi</span> <span class='ocrx_word' id='word_1_154' title='bbox 602 2609 677 2657; x_wconf 86' lang='lat' dir='ltr'>seculi</span> <span class='ocrx_word' id='word_1_155' title='bbox 693 2609 719 2657; x_wconf 93' lang='lat' dir='ltr'>in</span> <span class='ocrx_word' id='word_1_156' title='bbox 734 2610 797 2657; x_wconf 87' lang='lat' dir='ltr'>hanc</span> <span class='ocrx_word' id='word_1_157' title='bbox 811 2608 944 2658; x_wconf 84' lang='lat' dir='ltr'>beatissimi</span> <span class='ocrx_word' id='word_1_158' title='bbox 958 2607 1033 2656; x_wconf 89' lang='lat' dir='ltr'>seculi</span> <span class='ocrx_word' id='word_1_159' title='bbox 1048 2609 1081 2655; x_wconf 89' lang='lat' dir='ltr'>lu-</span> 
     </span>
     <span class='ocr_line' id='line_1_30' title="bbox 379 2687 777 2738; baseline 0.008 -3"><span class='ocrx_word' id='word_1_160' title='bbox 379 2687 434 2736; x_wconf 91' lang='lat' dir='ltr'>luce</span> <span class='ocrx_word' id='word_1_161' title='bbox 723 2705 777 2738; x_wconf 90' lang='lat' dir='ltr'>cem</span> 
     </span>
     <span class='ocr_line' id='line_1_31' title="bbox 232 2768 1082 2832; baseline 0.001 -14"><span class='ocrx_word' id='word_1_162' title='bbox 232 2769 316 2818; x_wconf 87' lang='lat' dir='ltr'>XLV.</span> <span class='ocrx_word' id='word_1_163' title='bbox 349 2768 675 2832; x_wconf 80' lang='lat' dir='ltr'>MsssaBoebiusjamtum</span> <span class='ocrx_word' id='word_1_164' title='bbox 691 2771 778 2820; x_wconf 79' lang='lat' dir='ltr'>Massa</span> <span class='ocrx_word' id='word_1_165' title='bbox 804 2770 911 2819; x_wconf 88' lang='lat' dir='ltr'>Boebius</span> <span class='ocrx_word' id='word_1_166' title='bbox 942 2774 997 2820; x_wconf 89' lang='lat' dir='ltr'>tum</span> <span class='ocrx_word' id='word_1_167' title='bbox 1027 2786 1082 2819; x_wconf 79' lang='lat' dir='ltr'>reus</span> 
     </span>
     <span class='ocr_line' id='line_1_32' title="bbox 378 2855 776 2900; baseline 0.005 -2"><span class='ocrx_word' id='word_1_168' title='bbox 378 2866 434 2899; x_wconf 86' lang='lat' dir='ltr'>reus</span> <span class='ocrx_word' id='word_1_169' title='bbox 445 2855 498 2899; x_wconf 88' lang='lat' dir='ltr'>erat</span> <span class='ocrx_word' id='word_1_170' title='bbox 723 2855 776 2900; x_wconf 83' lang='lat' dir='ltr'>erat</span> 
     </span>
     <span class='ocr_line' id='line_1_33' title="bbox 346 2931 1060 2998; baseline 0.006 -19"><span class='ocrx_word' id='word_1_171' title='bbox 346 2931 417 2980; x_wconf 89' lang='lat' dir='ltr'>nobis</span> <span class='ocrx_word' id='word_1_172' title='bbox 425 2937 477 2982; x_wconf 84' lang='lat' dir='ltr'>tam</span> <span class='ocrx_word' id='word_1_173' title='bbox 488 2933 574 2998; x_wconf 73' lang='lat' dir='ltr'>longae</span> <span class='ocrx_word' id='word_1_174' title='bbox 585 2934 672 2984; x_wconf 84' lang='lat' dir='ltr'>absen·</span> <span class='ocrx_word' id='word_1_175' title='bbox 689 2935 760 2984; x_wconf 86' lang='lat' dir='ltr'>nobis</span> <span class='ocrx_word' id='word_1_176' title='bbox 771 2938 826 2984; x_wconf 93' lang='lat' dir='ltr'>tum</span> <span class='ocrx_word' id='word_1_177' title='bbox 837 2933 925 2997; x_wconf 80' lang='lat' dir='ltr'>longae</span> <span class='ocrx_word' id='word_1_178' title='bbox 936 2933 1060 2983; x_wconf 83' lang='lat' dir='ltr'>absentiae</span> 
     </span>
     <span class='ocr_line' id='line_1_34' title="bbox 379 3014 529 3064; baseline 0 -32"><span class='ocrx_word' id='word_1_179' title='bbox 379 3014 429 3064; x_wconf 46' lang='lat' dir='ltr'>tiae</span> <span class='ocrx_word' id='word_1_180' title='bbox 527 3027 529 3032; x_wconf 84' lang='lat'>.</span> 
     </span>
     <span class='ocr_line' id='line_1_35' title="bbox 226 3080 870 3147; baseline 0 -3"><span class='ocrx_word' id='word_1_181' title='bbox 226 3080 326 3145; x_wconf 81' lang='lat' dir='ltr'>xnvi.</span> <span class='ocrx_word' id='word_1_182' title='bbox 349 3096 536 3147; x_wconf 71' lang='lat' dir='ltr'>obueoohme</span> <span class='ocrx_word' id='word_1_183' title='bbox 688 3097 778 3146; x_wconf 71' lang='lat' dir='ltr'>oblivio</span> <span class='ocrx_word' id='word_1_184' title='bbox 788 3095 870 3145; x_wconf 70' lang='lat' dir='ltr'>obruit</span> 
     </span>
    </p>
   </div>
   <div class='ocr_carea' id='block_1_4' title="bbox 0 0 1220 3784">
    <p class='ocr_par' dir='ltr' id='par_1_4' title="bbox 0 0 1220 3784">
     <span class='ocr_line' id='line_1_36' title="bbox 0 0 1220 3784; baseline 0 0"><span class='ocrx_word' id='word_1_185' title='bbox 0 0 1220 3784; x_wconf 95' lang='lat' dir='ltr'> </span> 
     </span>
    </p>
   </div>
  </div>
 </body>
</html>
