2446 3784
341 233 559 300 GERMAMA
587 242 864 302 XVI.—-XXVII.
1011 241 1048 303 15

159 372 239 448 quod
272 371 401 447 impune
444 371 559 429 Liberti
590 391 651 428 non
674 371 802 428 multum
835 391 923 448 supra
954 391 1051 429 servos

160 473 249 540 sunt;
270 487 336 524 raro
349 468 468 543 aliquod
485 473 668 525 momentum
685 469 718 524 in
736 469 830 539 domo,¹
844 487 1006 544 numquam
1019 469 1051 525 in

160 565 287 635 civitate,
303 565 432 641 exceptis
448 566 603 622 dumtaxat
620 567 657 623 iis
674 566 818 641 gentibus,
839 585 913 641 quae
931 585 1052 641 regnan-

163 667 229 732 tur,
261 661 304 716 ibi
330 661 409 716 enim
433 668 463 716 et
489 680 576 736 super
601 662 744 736 ingenuos
770 668 801 718 et
827 681 914 737 super
940 663 1052 720 nobiles

161 757 328 814 ascendunt.
373 758 464 832 Apud
483 763 591 814 eeteros
611 758 737 832 impares
756 757 888 814 libertini
908 757 1053 814 libertatis

162 855 367 928 argumentum
380 862 457 910 sunt.
488 838 491 845 ¹

222 947 346 1005 XXVI.
389 948 487 1004 Fenus
513 948 623 1023 agitare
650 953 681 1004 et
709 947 741 1004 in
768 966 870 1004 usuras
897 949 1052 1005 extendere

146 1037 308 1118 ignotum,
336 1045 459 1120 ideoque
481 1046 574 1119 magis
601 1050 735 1103 servatur
760 1063 848 1122 quam
875 1045 901 1100 si
927 1043 1053 1100 vetitum

163 1147 245 1198 esset
282 1141 360 1216 Agri
372 1161 424 1217 pro
435 1159 556 1198 numero
568 1141 713 1198 cultorum
727 1141 764 1197 ab
778 1141 922 1198 universis
934 1141 968 1198 in
975 1143 1053 1198 vices

164 1245 348 1314 occupantur,
367 1257 439 1313 quos
457 1256 527 1294 mox
540 1238 618 1294 inter
634 1255 665 1294 se
683 1237 841 1295 secundum
855 1237 1053 1312 dignationem

163 1335 341 1410 partiuntur.
384 1334 569 1391 Facilitatem
595 1334 741 1408 partiendi
765 1353 933 1409 camporum
960 1333 1054 1410 spatia

164 1437 319 1504 praestant.
360 1431 447 1488 Arva
464 1448 516 1505 per
526 1449 620 1486 annos
638 1435 764 1501 mutant,
784 1436 815 1486 et
833 1442 964 1506 superest
976 1449 1051 1506 ager.

165 1527 229 1583 Nec
248 1527 327 1584 enim
354 1547 420 1584 cum
447 1529 581 1584 ubertate
605 1533 635 1582 et
661 1527 854 1602 amplitudine
881 1529 935 1584 soli
955 1528 1054 1584 labore

165 1625 352 1696 contendunt,
374 1632 409 1698 ut
429 1625 558 1699 pomaria
574 1629 736 1696 conserant,
757 1629 788 1679 et
807 1629 891 1698 prata
910 1631 1051 1699 separent,

165 1725 196 1775 et
211 1718 311 1775 hortos
329 1720 444 1794 rigent,
466 1719 529 1776 sola
544 1725 639 1775 terrae
657 1737 737 1792 seges
755 1719 922 1792 imperatur.
966 1719 1055 1777 Unde

165 1835 276 1872 annum
290 1835 406 1890 quoque
419 1815 516 1891 ipsum
529 1833 590 1871 non
602 1815 635 1870 in
644 1815 767 1872 totidem
781 1815 918 1890 digerunt
931 1817 1038 1892 species
1044 1839 1053 1889 3

165 1913 260 1970 hiems
277 1919 307 1968 et
321 1931 373 1968 ver
386 1918 416 1968 et
429 1918 523 1968 aestas
540 1911 722 1968 intellectum
736 1931 769 1967 ac
782 1911 923 1968 voeabula
936 1913 1053 1985 habent,

166 2014 302 2070 autumni
314 2015 435 2088 perinde
448 2032 556 2070 nomen
569 2032 602 2070 ac
615 2013 692 2070 bona
705 2014 884 2087 ignorantur.

226 2109 371 2170 XXVII.
426 2110 576 2167 Funerum
603 2109 685 2166 nulla
711 2109 840 2166 ambitio.
897 2108 935 2165 Id
961 2108 1054 2164 solum

167 2208 345 2279 observatur,
366 2213 401 2264 ut
420 2226 540 2284 corpora
558 2207 702 2265 clarorum
714 2208 844 2264 virorum
863 2207 949 2264 certis
969 2207 1056 2283 lignis

168 2310 339 2362 crementur.
382 2305 500 2362 Struem
525 2305 590 2380 rogi
615 2323 668 2362 nec
691 2305 822 2362 vestibus
845 2323 898 2361 nec
920 2305 1057 2362 odoribus

169 2401 338 2472 cumulant,
360 2418 413 2458 sua
430 2400 534 2476 cuique
548 2419 636 2467 arma,
651 2401 834 2475 quorundam
846 2401 909 2476 igni
922 2407 952 2457 et
965 2419 1057 2476 equus

169 2495 312 2554 adiicitur.
356 2493 528 2570 Sepulcrum
542 2513 657 2570 caespes
675 2495 762 2570 erigit
771 2515 781 2567 ;
801 2501 1056 2553 monumentorum

169 2592 293 2648 arduum
316 2597 347 2648 et
369 2609 521 2666 operosum
547 2591 687 2648 honorem
713 2597 748 2648 ut
773 2611 890 2668 gravem
914 2592 1057 2648 defunctis

168 2692 369 2762 aspernantur.
412 2685 555 2743 Lamenta
573 2705 607 2744 ac
629 2687 763 2744 lacrimas
784 2689 851 2760 cito,
876 2689 1005 2746 dolorem
1027 2697 1058 2745 et

169 2783 321 2841 tristitiam
335 2784 418 2839 tarde
431 2789 552 2858 ponunt
583 2783 712 2840 Feminis
725 2784 823 2860 lugere
836 2785 990 2842 honestum
1004 2793 1055 2857 est,

170 2877 241 2934 viris
254 2878 427 2935 meminisse.

230 2972 313 3028 Haec
326 2973 359 3028 in
373 2991 525 3029 commune
538 2973 575 3030 de
584 2975 715 3030 omnium
726 2974 938 3032 Germanorum
948 2976 1058 3051 origine

170 3088 204 3126 ac
230 3070 360 3126 moribus
386 3070 555 3145 accepimus.
605 3071 694 3128 Nunc
720 3073 901 3148 singularum
926 3074 1059 3148 gentium

171 3167 310 3226 instituta
323 3167 463 3242 ritusque,
483 3173 628 3242 quatenus
646 3168 789 3240 differant,
805 3189 879 3246 quae
896 3171 1059 3228 nationese

172 3259 329 3318 Germania
341 3261 373 3316 in
388 3260 498 3318 Gallias
512 3264 773 3338 commigraverint,
789 3265 949 3340 expediam.

922 3347 931 3374 t

171 3455 279 3497 xxv111.
309 3456 392 3500 xxm
443 3439 541 3498 frites
575 3441 609 3499 ia
635 3441 678 3498 tte
705 3443 934 3516 neighbourhood
959 3445 996 3520 of
1018 3447 1060 3504 the
