2432 3784
354 219 555 280 scardona
584 217 810 277 XL—XLVI.
994 217 1030 274 33

198 352 241 410 Tu
254 372 322 410 vero
336 352 416 424 felix,
431 349 578 426 Agricola,
594 367 654 405 non
667 347 746 404 vitae
759 351 876 403 tantum
890 345 1031 415 claritate,

140 448 301 506 sedetiam
324 447 543 524 opportunitate
565 443 675 500 mortis.
729 441 776 500 Ut
796 440 958 517 perhibent,
982 443 1033 516 qui

140 546 338 604 interfuerunt
360 543 526 601 novissimis
547 540 729 599 sermonibus
752 538 820 610 tuis,
845 545 981 595 constans
1004 546 1034 594 et

141 643 235 700 libens
256 642 349 697 fatum
371 639 520 714 excepisti,
543 643 695 712 tamquam
722 653 775 710 pro
796 634 877 691 virili
902 635 1035 709 portione

142 737 339 794 innocentiam
353 735 478 810 principi
492 734 621 790 donares,
664 730 720 788 Sed
734 730 807 786 mihi
821 729 955 804 filiaeque
973 731 1035 786 eius

143 839 258 910 praeter
272 833 462 890 acerbitatem
477 831 608 906 parentis
628 828 722 904 erepti
741 833 829 902 auget
849 826 1034 895 maestitiam,

144 928 223 1004 quod
249 928 373 984 assidere
399 925 571 996 valetudini,
600 923 697 980 fovere
721 921 911 992 deiicientem,
937 921 1037 978 satiari

145 1029 232 1085 vultu
245 1029 455 1102 complexuque
467 1045 532 1091 non¹
548 1023 677 1099 contigit.
720 1021 940 1098 Excepissemus
960 1028 1037 1078 certe

147 1125 284 1180 mandata
315 1141 463 1198 vocesque,
499 1139 571 1196 quas
599 1120 716 1195 penitus
745 1118 843 1174 animo
875 1117 1035 1194 figeremus.

149 1220 258 1276 Noster
269 1219 317 1275 hic
331 1219 420 1290 dolor,
441 1223 575 1274 nostrum
594 1217 725 1286 vulnus3
744 1215 828 1270 nobis
849 1221 915 1270 tum
935 1214 1038 1290 longae

149 1315 296 1372 absentiae
317 1315 484 1372 condicione
507 1319 576 1369 ante
598 1310 825 1387 quadriennium
844 1311 966 1366 amissus
987 1317 1037 1368 est.

151 1410 258 1467 Omnia
277 1411 338 1466 sine
358 1411 455 1481 dubio,
476 1409 585 1484 optime
606 1412 769 1483 parentum,
784 1405 929 1462 assidente
942 1425 1041 1462 aman·

152 1507 263 1563 tissima
282 1525 373 1562 uxore
394 1506 559 1582 superfuere
579 1503 684 1560 honori
704 1508 777 1574 tu03
796 1503 979 1578 paucioribus
999 1510 1041 1560 ta·

152 1622 220 1660 men
251 1603 378 1659 lacrimis
405 1601 579 1677 compositus
606 1619 644 1672 es,
676 1607 706 1656 et
732 1600 890 1657 novissima
918 1602 951 1658 in
978 1603 1042 1659 luce
1074 1643 1077 1652 .

79 1757 81 1762 ,
155 1699 351 1756 desideravere
365 1698 477 1774 aliquid
490 1697 568 1770 oculi
581 1697 634 1755 tui.

214 1796 332 1854 XLVI.
375 1796 408 1852 Si
428 1796 493 1870 quis
514 1795 629 1870 piorum
649 1792 785 1848 manibus
803 1791 889 1864 locus,
906 1793 938 1864 si,
954 1797 989 1849 ut
1001 1811 1044 1848 sa·

155 1893 301 1966 pientibus
314 1891 416 1966 placet,
431 1909 490 1946 non
510 1907 576 1945 oum
596 1907 713 1964 corpore
733 1889 948 1962 extinguuntur
968 1907 1045 1962 mag·

156 2005 210 2044 nae
233 1987 354 2059 animae,
380 1985 491 2060 placide
511 1986 649 2061 quiescas,
674 2002 793 2059 nosque,
818 1984 936 2041 domum
955 1990 1043 2055 tuam,

159 2088 196 2144 ab
215 2087 331 2144 infirmo
351 2086 492 2143 desiderio
512 2092 542 2154 et
562 2085 754 2142 muliebribus
773 2085 910 2142 lamentis
930 2087 968 2143 ad
981 2106 1046 2144 con·

158 2183 377 2258 templationem
407 2182 554 2238 virtutum
588 2185 706 2260 tuarum
732 2199 826 2252 voces,
853 2201 926 2258 quas
952 2203 1047 2259 neque

159 2281 252 2358 lugeri
272 2301 367 2357 neque
387 2280 489 2356 plangi
510 2281 553 2336 fas
574 2286 627 2337 est.
668 2280 875 2339 Admiratione
898 2289 927 2340 te
952 2285 1048 2359 potius

160 2397 247 2453 quam
270 2377 478 2453 temporalibus
495 2376 637 2446 laudibus,
651 2383 689 2449 et,
705 2377 731 2434 si
748 2385 854 2436 natura
872 2381 1046 2456 suppeditet,

161 2476 355 2532 aemulatione
368 2476 542 2532 decoremus.
585 2475 617 2531 ls
638 2494 723 2532 verus
743 2475 842 2548 honos,
864 2497 897 2535 ea
915 2477 1050 2536 coniunc-

163 2572 267 2628 tissimi
290 2573 429 2647 cuiusquc
452 2572 551 2646 pietas.
608 2571 646 2628 Id
670 2572 746 2628 filiae
768 2593 883 2649 quoque
906 2576 1050 2650 uxorique

163 2667 365 2743 praeceperim,
381 2669 422 2723 sic
436 2668 536 2742 patrie,
551 2667 592 2724 sie
606 2668 706 2724 mariti
724 2669 892 2726 memoriam
910 2672 1049 2739 venerari,

163 2766 198 2816 ut
212 2761 309 2816 omnia
322 2761 399 2816 iacta
412 2760 547 2834 dictaque
562 2761 623 2818 eius
637 2779 734 2818 secum
747 2763 906 2834 revolvant,
919 2765 1049 2820 formam·

164 2875 221 2932 que
242 2875 276 2912 ae
293 2857 416 2931 figuram
436 2857 527 2912 animi
548 2859 640 2931 magis
659 2877 748 2934 quam
767 2861 893 2934 corporis
915 2861 1050 2936 complec-

164 2957 268 3008 tantur
279 2971 288 3024 ;
315 2970 375 3008 non
396 2953 465 3027 quia
485 2953 724 3011 intercedendum
745 2960 846 3030 putem
869 2955 1052 3030 imaginibus

165 3065 241 3122 quae
266 3066 410 3104 marmore
436 3053 488 3104 aut
515 3067 581 3105 aere
611 3049 782 3125 finguntur3
817 3051 867 3107 sed
893 3056 929 3107 ut
955 3050 1053 3107 vultus

166 3139 327 3214 hominum,
342 3144 385 3199 ita
405 3142 558 3200 simulacra
577 3145 678 3202 vultus
700 3145 845 3202 imbecilla
866 3164 899 3202 ac
921 3144 1056 3201 mortalia

167 3243 245 3309 sunt,
261 3239 353 3296 forma
366 3239 473 3294 mentis
487 3246 614 3310 aeterna,
630 3259 718 3315 quam
737 3247 837 3297 tenere
851 3247 881 3296 et
895 3241 1057 3314 exprimere

168 3353 228 3391 non
254 3355 307 3411 per
332 3337 457 3392 alienam
484 3335 636 3392 materiam
663 3343 694 3394 et
719 3343 820 3404 artem,
845 3336 895 3394 sed
916 3335 977 3394 tuis
997 3337 1058 3413 ipse

169 3431 298 3487 moribus
325 3432 423 3509 possis.
484 3431 630 3508 Quicquid
658 3451 695 3491 ex
722 3433 861 3510 Agricola
887 3435 1057 3502 amavimus,

236 3548 261 3592 r.
271 3550 300 3595 A.
962 3533 980 3586 3
