2432 3784
355 244 560 306 Acslootl
587 243 857 308 XXV.-XXIX.
1015 247 1051 306 19

159 377 361 454 plorator-ibus
381 377 500 434 edoctus
519 381 551 433 et
569 375 701 450 vestigiis
727 374 883 447 insecutis,
907 373 1052 434 uelocissi-

160 494 226 531 mos
239 475 374 550 equitum
387 473 578 549 peditumque
591 472 732 530 assultare
750 473 840 548 tergis
858 471 1052 548 pugnantium

160 569 254 641 iubet,
268 587 339 625 mox
352 568 389 624 ab
402 567 546 625 universis
558 568 645 624 adiici
658 567 830 640 elamorem;
846 573 876 624 et
889 566 1053 643 propinqua

160 664 227 721 luce
244 663 351 720 fulsere
365 663 455 738 signa.
496 662 547 720 Ita
559 663 680 740 ancipiti
693 662 771 720 malo
784 663 881 720 territi
895 661 1032 720 Briturmi
1041 682 1050 734 ;

161 768 194 819 et
221 761 363 818 Romanis
385 760 473 816 rediit
498 761 622 831 animus,
644 777 678 815 ac
701 761 794 816 securi
820 779 873 835 pro
895 758 989 816 salute
1015 759 1052 816 de

154 860 256 936 gloria
275 861 434 917 certabant.
478 858 568 916 Ultro
591 857 663 934 quin
686 859 775 915 etiam
793 876 922 932 erupere,
942 863 974 914 ct
992 856 1051 916 fuit

162 963 250 1010 atrox
263 955 295 1010 in
308 954 379 1029 ipsis
391 959 541 1030 pomarum
555 954 697 1029 angustiis
711 953 861 1028 proelium,
874 952 964 1013 donee
973 954 1049 1029 pulsi

161 1051 267 1120 hostes,
283 1059 407 1126 utroque
421 1051 552 1108 exercitu
570 1057 708 1122 certante,
723 1049 777 1121 his,
792 1057 827 1106 nt
842 1050 943 1108 tulisse
957 1071 1049 1126 opem,

161 1149 230 1219 illis,
247 1168 288 1205 ne
297 1148 409 1224 eguisse
422 1148 533 1205 auxilio
545 1147 722 1206 viderentur.
762 1147 847 1215 Quod
861 1146 918 1204 nisi
931 1147 1052 1223 paludes

161 1249 194 1299 et
217 1243 307 1300 siIvae
325 1243 468 1319 fugientes
489 1243 642 1315 texissent,
665 1242 843 1300 debellatum
861 1242 914 1300 illa
929 1244 1051 1301 victoria

161 1342 244 1398 foret.
1038 1351 1040 1355 '

222 1438 364 1496 XXVII.
408 1438 500 1496 Cuius
521 1437 696 1495 conscientia
719 1457 753 1495 ac
771 1437 849 1494 fama
868 1437 950 1496 ferox
970 1457 1051 1496 exer-

161 1535 239 1592 citus
251 1535 325 1592 nihil
338 1535 444 1592 virtuti
457 1554 526 1592 suae
544 1535 667 1603 invium,
690 1541 721 1592 et
741 1535 949 1610 penetrandam
971 1534 1057 1592 (lale-

161 1631 280 1688 doniam
293 1631 560 1706 inveniendumque
573 1632 692 1688 tandem
707 1631 877 1688 Britanniae
890 1632 1050 1688 terminum

161 1727 300 1784 continuo
312 1727 490 1803 proeliorum
503 1746 588 1784 cursu
601 1728 783 1800 fremebant3
802 1737 890 1803 atque
906 1728 951 1786 illi
964 1729 1050 1785 modo

161 1823 241 1880 cauti
254 1843 287 1880 ac
300 1824 443 1899 sapientes
453 1825 581 1899 prompti
593 1829 660 1900 post
673 1829 811 1880 eventum
825 1844 857 1880 ae
870 1825 1051 1900 magniloqui
1069 1893 1070 1896 Ἴ

161 1925 254 1976 erant.
296 1919 487 1996 Iniquissima
501 1919 572 1976 baec
585 1917 726 1976 bellorum
741 1921 871 1977 condicio
890 1926 952 1991 est3
972 1939 1050 1996 pros

161 2033 232 2090 pera
254 2033 354 2072 omnes
374 2015 430 2072 sibi
449 2015 609 2086 vindicant,
631 2016 751 2072 adversa
777 2017 830 2073 uni
856 2017 1048 2092 imputantur.

152 2110 209 2166 ,At
230 2109 376 2180 Britanni,
391 2130 451 2167 non
467 2111 585 2183 virtute,
600 2111 650 2168 sed
669 2111 816 2168 occasione
836 2117 866 2169 et
884 2118 948 2168 erte
968 2113 1050 2169 ducis

161 2205 258 2262 elusos
278 2205 344 2276 rati,
369 2205 444 2264 nihil
465 2225 503 2264 ex
521 2209 688 2282 arrogantia
714 2209 872 2280 remittere,
894 2210 1050 2284 quominus

160 2304 346 2360 iuventutem
360 2309 515 2373 armarent,
531 2303 665 2378 coniuges
679 2323 712 2360 ae
730 2304 836 2361 liberos
850 2305 882 2361 in
899 2306 962 2362 loca
979 2313 1047 2362 tuta

161 2397 361 2468 transferrent,
376 2399 505 2455 coetibus
517 2417 551 2455 ac
567 2398 712 2456 sacrifieiis
725 2401 968 2475 conspirationem
982 2403 1051 2458 civi·

161 2499 259 2551 tatum
279 2496 433 2554 sancirent.
473 2497 577 2571 Atque
590 2496 633 2552 ite
645 2495 771 2552 irritatis
783 2498 931 2574 utrimque
944 2498 1050 2555 animis

162 2590 325 2648 ‹liscessum

222 2685 384 2744 XXVIII.
425 2687 535 2745 Eadem
557 2693 667 2746 aestate
688 2689 790 2746 cohors
809 2687 981 2764 Usipiorum
999 2707 1051 2764 per

163 2781 338 2838 Germanias
364 2783 525 2858 conscripta
552 2789 585 2840 et
609 2784 641 2840 in
665 2785 851 2842 Britanniam
881 2786 1051 2840 transmissa

161 2895 301 2954 magnum
315 2898 349 2936 ae
366 2880 552 2936 memorabile
564 2880 677 2936 facinus
694 2899 764 2936 ausa
778 2885 829 2938 est.
872 2879 973 2936 Occiso
987 2898 1051 2936 een-

161 2976 279 3033 turione
301 2995 334 3032 ac
355 2975 507 3047 militibus,
532 2976 585 3050 qui
611 2976 648 3032 ai
674 2975 846 3032 tradendam
869 2974 1051 3050 disciplinam

162 3072 286 3130 immisti
307 3071 465 3147 manipulis
483 3071 650 3148 exemplum
664 3079 696 3128 et
712 3078 837 3130 rectores
858 3070 1048 3152 habebantur,

162 3181 223 3229 tres
249 3169 406 3226 liburnicas
433 3167 543 3228 adactis
569 3187 634 3244 per.
647 3168 708 3225 vim
739 3166 982 3242 gubernatoribus
1008 3183 1050 3220 as-

162 3265 304 3337 cendere,
328 3270 440 3323 etune
463 3265 632 3339 remigante,
657 3262 798 3340 suspectis
822 3261 934 3318 duobus
960 3247 1051 3334 eoque

162 3360 332 3431 interiectis,
360 3358 491 3416 nondum
517 3359 638 3434 vulgato
669 3377 786 3418 rumore
817 3365 853 3415 ut
878 3357 1051 3414 miraculum

146 3455 422 3536 'praevehebantuu
456 3453 530 3514 Mox
540 3455 577 3514 ad
590 3473 697 3532 aquam
706 3461 795 3530 atque
807 3452 894 3514 utilia
906 3452 1052 3526 rapientes

895 3547 973 3604 2-2
