2432 3784
372 233 577 294 conlocat
608 234 835 296 xn÷xavi
1007 237 1050 296 ‘ao

224 361 288 420 XL.
331 363 430 440 Igitur
457 366 649 443 triumphalia
674 372 846 423 ornamenta
872 371 902 423 et
928 366 1052 424 illustris

163 462 277 516 statuae
302 458 449 532 honorem,
477 467 509 518 et
535 461 673 537 quicquid
699 481 752 537 pro
778 461 928 537 triumpho
954 462 1049 533 datur,

163 553 258 610 multo
279 555 434 612 verborum
453 555 562 614 honore
581 558 738 629 cumulata,
760 558 877 615 decerni
895 558 927 614 in
947 565 1052 615 senatu

162 649 254 718 iubet,
271 650 397 727 addique
416 651 536 728 insuper
555 653 721 729 opinionem
737 652 852 728 Syriam
872 653 1049 728 provinciam

163 745 319 819 Agricolae
345 747 492 818 destinari,
516 768 639 806 vacuam
662 755 728 806 tum
751 755 845 807 morte
868 749 959 806 Atilii
981 749 1050 806 Rufi

163 841 322 900 consularis
339 848 370 900 et
388 845 546 902 maioribus
565 850 749 901 reservatam.
792 845 946 903 Credidere
967 844 1052 920 pleri-

163 955 220 1011 que
240 938 379 997 libertum
402 926 440 997 eir
460 940 662 998 secretioribus
684 941 853 998 ministeriis
873 941 993 997 missum
1013 940 1052 998 ad

162 1033 331 1108 Agricolam
349 1035 501 1106 codicillos,
519 1035 626 1110 quibus
642 1035 670 1092 ei
686 1035 771 1110 Syria
789 1035 921 1103 dabatur,
938 1036 1049 1108 tulisse,

163 1146 230 1184 oum
243 1137 403 1206 praecepto,
417 1137 460 1202 ut,
478 1133 503 1189 si
519 1131 552 1188 in
568 1131 724 1188 Britannia
744 1131 827 1204 foret,
848 1132 1051 1202 traderentur3

163 1240 286 1300 eumque
307 1225 445 1284 libertum
465 1226 498 1283 in
521 1227 584 1302 ipso
602 1227 678 1284 freto
701 1226 801 1284 oceani
824 1226 943 1284 obvium
965 1227 1051 1301 Agri-

163 1319 250 1390 colae,
275 1337 312 1376 ne
335 1321 479 1396 appellato
505 1322 624 1396 quidem
651 1341 686 1378 eo
712 1322 750 1379 ad
777 1321 981 1380 Domitianum
1008 1341 1052 1378 re·
1150 1355 1152 1361 ·

162 1432 278 1482 measse,
304 1415 365 1472 sive
387 1435 490 1474 verum
513 1417 601 1490 istud,
625 1418 687 1476 sive
710 1434 748 1476 ex
768 1420 885 1494 ingenio
909 1419 1051 1494 principis

162 1513 261 1570 fiotum
280 1531 314 1570 ac
331 1517 523 1591 compositum
542 1522 594 1575 est
636 1516 808 1575 Tradiderat
823 1517 944 1576 interim
961 1518 1050 1592 Agri-

163 1609 226 1665 cola
251 1610 405 1666 successori
434 1629 487 1668 suo
515 1611 696 1686 provinciam
725 1613 855 1688 quietam
886 1618 1048 1688 tutamque.

162 1707 210 1762 Ac
223 1725 261 1763 ne
273 1707 412 1764 notabilis
424 1709 592 1766 celebritate
608 1714 638 1766 et
654 1709 818 1784 frequentia
836 1709 1051 1767 occurrentium

161 1802 300 1860 introitus
314 1809 396 1874 esset,
406 1803 500 1860 vitato
513 1805 672 1862 amicorum
686 1805 778 1861 officio
791 1809 880 1860 noctu
894 1804 926 1860 in
940 1804 1048 1874 urbem,

161 1902 250 1954 noctu
264 1898 296 1954 in
309 1898 461 1973 palatium,
479 1899 522 1954 ita
537 1905 572 1954 ut
590 1903 777 1974 praeceptum
796 1904 866 1969 erat,
890 1898 979 1970 venit,
1001 1917 1050 1955 ex·

161 1999 317 2068 ceptusque
335 1993 419 2052 brevi
440 1994 537 2052 osculo
560 2001 591 2051 et
611 1994 694 2052 nullo
715 2012 846 2050 sermone
869 1993 973 2050 turbae
993 2013 1050 2051 seu·

161 2090 306 2147 viantium
318 2091 465 2148 immistus
478 2097 529 2149 est.
573 2090 719 2162 Ceterum,
738 2096 773 2147 nt
790 2089 917 2146 militare
934 2107 1049 2156 nomen,

160 2205 249 2262 grave
266 2188 344 2245 iuter
363 2189 477 2258 otiosos,
499 2188 564 2244 aliis
583 2188 745 2245 virtutibus
764 2194 949 2262 temperaret,
971 2192 1050 2242 tran·

159 2279 338 2358 quillitatem
351 2289 440 2360 atque
454 2284 549 2352 otium
566 2285 683 2360 penitus
698 2284 791 2356 auxit,
811 2283 894 2342 cultu
910 2281 1050 2354 modicus,

160 2397 292 2436 sermone
311 2381 412 2450 facilis,
435 2369 494 2437 uno
515 2386 568 2437 aut
591 2379 683 2436 altero
702 2381 862 2436 amicorum
883 2379 1047 2448 comitatus,

160 2475 232 2534 adeo
245 2476 291 2534 uti
304 2477 443 2553 plerique,
458 2476 564 2552 quibus
578 2493 697 2551 magnos
706 2475 784 2532 viros
798 2493 850 2550 per
859 2473 1049 2534 ambitionem

160 2573 313 2631 aestimare
342 2593 405 2631 unos
435 2579 487 2646 est,
516 2572 580 2630 viso
600 2578 774 2648 aspectoque
800 2571 939 2646 Agricola
964 2589 1050 2646 quae-

160 2674 258 2724 rerent
271 2669 387 2736 famam,
400 2669 486 2745 pauci
498 2668 771 2744 interpretarentur.

157 2816 159 2824 .
219 2762 306 2820 XLI.
347 2764 456 2822 Crebro
472 2784 525 2841 per
541 2783 590 2822 eos
608 2765 670 2822 dies
687 2763 766 2840 apud
779 2761 983 2819 Domitianum
1002 2761 1050 2818 ab·

159 2875 224 2915 sens
244 2864 401 2930 accusatus,
418 2861 521 2917 absens
540 2859 691 2917 absolutus
711 2863 762 2915 est.
818 2857 912 2914 Causa
928 2855 1048 2932 periculi

159 2971 219 3010 non
240 2955 349 3012 crimen
372 2955 467 3012 ullum
492 2961 545 3012 aut
568 2954 687 3030 querela
712 2953 784 3010 laesi
801 2952 980 3027 cuiusquam,
999 2951 1048 3008 sed

158 3046 289 3106 infensus
306 3049 466 3106 virtutibus
483 3050 617 3125 princeps
642 3055 675 3106 et
699 3047 791 3124 gloria
817 3046 877 3104 viri
902 3065 936 3104 cc
962 3047 1049 3122 pessi·

158 3161 240 3202 mum
265 3145 451 3202 inimicorum
471 3163 571 3220 genus,
594 3146 754 3203 laudantes
797 3145 839 3202 Et
861 3162 896 3200 ea
918 3132 1050 3200 insecuta

154 3245 229 3298 sunt
241 3241 284 3298 rei
297 3241 429 3316 publicae
448 3247 587 3316 tempore,
608 3259 683 3316 quae
702 3239 782 3298 sileri
801 3237 970 3315 Agricolam
989 3255 1049 3294 non

157 3336 287 3394 sinerent
298 3357 308 3410 3
336 3342 382 3394 tot
402 3337 546 3394 exereitus
566 3337 599 3394 in
622 3337 735 3396 Moesia
758 3338 906 3412 Daciaque
927 3339 958 3392 et
980 3332 1049 3391 Ger·

158 3431 256 3490 mania
274 3439 305 3492 et
324 3433 478 3490 Pannonia
497 3433 661 3490 temeritate
681 3439 735 3490 aut
755 3453 807 3512 per
824 3430 971 3510 ignaviam
997 3429 1049 3488 du-
