2446 3784
168 257 184 314 6
428 259 633 320 CORNELII
657 260 803 321 erJrJ

167 386 345 462 captivitate,
356 407 444 464 quam
452 389 537 464 longe
547 389 749 466 impatientius
758 388 933 446 feminarum
944 408 1062 447 suarum

166 481 285 539 nomine
308 482 425 556 timent,
451 485 531 556 adeo,
557 490 593 542 ut
616 485 758 543 efficacius
782 485 949 562 obligentur
969 486 1061 542 animi

167 578 330 650 civitatum,
345 579 453 656 quibus
465 581 544 638 inter
558 581 673 638 obsides
686 581 800 656 puellae
814 600 930 658 quoque
950 581 1061 638 nobiles

166 677 356 753 imperantur.
412 677 512 737 Inesse
536 680 609 756 quin
630 679 721 736 etiam
742 684 876 736 sanctum
896 677 1009 754 aliquid
1030 684 1061 736 et

166 772 323 848 providum
335 777 451 848 putant,
466 793 520 832 nec
534 783 587 832 aut
601 776 722 832 consilia
735 795 836 832 earum
856 781 1058 850 aspernantur,

166 873 219 922 aut
239 887 375 943 responsa
401 869 562 944 negligunt.
618 869 758 926 Vidimus
784 870 839 926 sub
861 869 929 925 divo
950 869 1060 946 Vespa·

166 963 249 1020 siano
276 962 428 1038 Veledam,
458 966 510 1022 diu
541 967 621 1042 apud
651 967 804 1042 plerosque
835 965 967 1024 numinis
997 967 1060 1024 loco

165 1060 303 1118 habitam.
348 1062 405 1120 sed
425 1068 456 1120 et
476 1064 545 1120 olim
565 1064 734 1121 Albrunam
755 1069 785 1121 et
805 1063 967 1139 complures
987 1064 1059 1120 alias

164 1159 298 1215 venerati
311 1165 388 1231 sunt,
404 1179 464 1216 non
484 1159 662 1230 adulatione,
683 1179 737 1217 nec
756 1165 909 1236 tamquam
929 1161 1059 1218 facerent

164 1251 240 1310 deas.

229 1333 288 1390 IX.
351 1333 483 1391 Deorum
510 1334 638 1391 maxime
665 1333 846 1391 Mercurium
873 1335 980 1406 colunt,
1011 1338 1058 1392 cui

164 1429 252 1486 certis
266 1430 369 1486 diebus
382 1430 519 1487 humanis
533 1448 648 1506 quoque
662 1430 765 1486 hostiis
777 1430 864 1488 litare
879 1431 922 1486 fas
938 1430 1055 1490 habent.

164 1523 348 1606 [Herculem]
367 1547 401 1584 ao
426 1527 555 1584 Martem
575 1529 716 1584 concessis
735 1527 910 1584 animalibus
931 1527 1055 1602 placant.

164 1623 237 1680 Pars
260 1623 423 1682 Suevorum
446 1632 476 1682 et
501 1626 576 1682 Isidi
603 1627 751 1683 sacrificat
796 1625 885 1683 Unde
916 1645 1000 1682 causa
1027 1641 1057 1682 et

164 1718 244 1794 origo
254 1721 407 1794 peregrino
417 1739 506 1791 sacro,
518 1741 622 1796 parum
633 1721 767 1796 comperi,
781 1721 838 1778 nisi
848 1721 927 1796 quod
941 1722 1056 1798 signum

163 1814 260 1889 ipsum
273 1815 305 1871 in
321 1816 441 1873 modum
457 1817 604 1874 Liburnae
622 1817 781 1893 figuratum
802 1818 886 1875 docet
904 1818 1055 1874 advectam

162 1911 339 1986 religionem.
384 1911 523 1970 Ceterum
552 1933 605 1970 nec
635 1914 769 1970 cohibere
799 1914 960 1989 parietibus
987 1914 1056 1970 deos

162 2027 257 2085 neque
283 2011 315 2066 iu
340 2010 430 2066 ullam
453 2011 655 2068 humanioris
680 2010 804 2086 speciem
827 2010 996 2068 assimulare
1017 2029 1056 2068 ex

162 2107 363 2180 magnitudine
378 2109 547 2165 coelestium
560 2109 749 2166 arbitrantur.
780 2107 875 2164 Lucos
887 2127 921 2165 ac
934 2127 1055 2165 nemora

161 2209 337 2272 consecrant,
357 2204 535 2279 deorumque
555 2204 722 2260 nominibus
742 2204 891 2279 appellant
911 2211 1056 2262 secretum

160 2299 242 2371 illud,
259 2301 336 2376 quod
350 2301 412 2357 sola
425 2303 588 2359 reverentia
601 2303 712 2358 vident.

220 2395 260 2453 X.
303 2397 446 2472 Auspicia
467 2403 625 2474 sortesque,
654 2404 689 2454 ut
715 2397 768 2473 qui
795 2399 932 2465 maxime,
960 2398 1058 2454 obser·

159 2497 239 2549 vant.
291 2491 421 2549 Sortium
442 2493 622 2550 consuetudo
643 2493 777 2569 simplex.
818 2493 943 2570 Virgam
963 2492 1053 2567 frugi·

159 2589 236 2646 ferae
263 2589 359 2647 arbori
387 2589 512 2648 decisam
539 2589 572 2646 in
599 2589 729 2646 surculos
755 2595 918 2663 amputant,
947 2607 1053 2664 eosque

159 2685 237 2741 notis
257 2685 431 2759 quibusdam
451 2685 590 2742 discretos
610 2703 697 2759 super
717 2683 871 2740 candidam
884 2691 996 2740 vestem
1009 2690 1052 2740 te-

158 2799 237 2838 mere
250 2801 283 2837 ao
303 2781 425 2837 fortuito
445 2786 594 2856 spargunt.
637 2779 720 2851 Mox,
739 2779 764 2836 si
786 2779 901 2854 publice
923 2781 1051 2837 consule·

157 2881 215 2947 tur,
231 2877 361 2934 sacerdos
374 2877 511 2946 civitatis,
527 2877 573 2932 sin
586 2876 734 2952 privatim,
749 2876 811 2952 ipse
824 2881 909 2952 pater
921 2876 1053 2935 familiae

156 2979 290 3048 precatus
304 2973 371 3029 deos
384 2972 553 3049 coelumque
568 2973 726 3048 suspiciens
747 2982 793 3029 ter
812 2973 942 3050 singulos
961 2973 1050 3044 tollit,

157 3069 286 3126 sublatos
299 3069 458 3126 secundum
475 3069 645 3144 impressam
665 3075 733 3126 ante
754 3077 856 3126 notam
876 3071 1048 3144 interpreta-

158 3171 213 3224 tur.
257 3164 290 3221 si
303 3164 525 3240 prohibuerunt,
540 3165 622 3222 nulla
642 3165 678 3222 dc
699 3165 800 3222 eadem
819 3185 851 3222 re
873 3166 904 3220 in
924 3163 1050 3221 eundem

156 3264 235 3320 diem
255 3261 430 3320 consultatio
439 3281 449 3334 ;
470 3262 516 3318 sin
536 3263 717 3338 permissum,
739 3262 934 3337 auspiciorum
954 3259 1050 3317 adhuc

156 3360 227 3416 fides
254 3361 390 3435 exigitur.
446 3357 487 3416 Et
509 3358 583 3416 illud
606 3359 725 3434 quidem
750 3359 839 3416 etiam
862 3353 913 3415 hic
933 3363 1048 3428 notum,

156 3457 257 3512 avium
272 3475 355 3514 voces
369 3456 539 3533 volatusque
554 3456 739 3531 interrogare.
783 3454 939 3531 Proprium
952 3453 1049 3530 gensis
