2446 3784
167 249 202 306 16
423 245 626 308 CORNELII
652 246 796 309 reulus

202 375 297 434 utine
310 376 374 434 uod
386 377 481 434 Moira.
521 377 604 435 Some
614 376 652 450 of
657 377 730 434 ibose
742 375 780 451 <ff
794 376 928 450 doubtful
939 377 1054 436 maiora

203 463 284 537 atity.
329 462 386 520 rte
399 463 515 522 Bataui
557 461 743 520 Iotabitauts
756 463 794 537 of
804 463 849 520 tlte
865 463 1052 522 Tube-lauda

223 565 385 622 XXVIII.
428 566 594 624 Validiores
621 567 691 623 olim
715 567 867 626 Gallorum
893 586 939 625 res
965 567 1055 625 fiiisse

162 683 295 721 summus
315 669 417 721 auctor
438 664 524 722 divtis
546 665 643 721 Iulius
665 665 777 738 tradit3
805 683 897 740 eoque
917 665 1055 723 credibile

162 769 209 818 est
222 761 311 818 etiam
332 759 432 818 Gallos
449 762 482 818 in
505 759 692 818 Germaniam
712 767 914 836 transgressos.
952 761 1055 830 um-

164 856 261 912 tulum
281 855 360 911 enim
380 856 474 912 amnis
494 856 636 922 obstabat,
657 875 715 932 quo
739 857 843 928 minus,
867 863 902 913 ut
923 874 1055 932 quaeque

106 941 107 946 ἵ
164 972 234 1028 gens
261 952 419 1024 evaluerat,
447 958 600 1027 occuparet
625 958 863 1028 permutaretque
886 953 967 1009 sedes
989 971 1055 1028 pro-

163 1049 288 1104 miscuas
314 1047 410 1106 adhuc
434 1055 464 1105 et
487 1049 569 1105 nulla
592 1068 748 1126 regnorum
770 1050 904 1126 potentia
924 1050 1053 1108 divisasl

165 1147 263 1224 Igitur
276 1148 354 1204 inter
374 1145 556 1222 Hercyniam
576 1147 688 1222 sylvam
708 1147 905 1224 Rhenumque
924 1153 955 1204 et
974 1147 1056 1205 Moe

163 1263 236 1302 num
256 1263 356 1301 amnes
377 1245 518 1317 Helvetii,
540 1245 681 1302 ulteriora
701 1245 775 1314 Boii,
799 1245 911 1302 Gallica
930 1241 1055 1322 utraque

164 1357 242 1414 gena,
257 1345 384 1397 tenuere.
429 1339 534 1396 Manet
551 1339 646 1396 adhuc
664 1339 799 1398 Boihemi
816 1359 931 1412 nomen,
946 1341 1055 1417 signat-

164 1453 222 1510 que
247 1435 304 1492 loci
327 1425 456 1492 ueterem
482 1436 659 1508 memoriam,
688 1438 822 1512 quamvis
848 1437 970 1494 mutatis
996 1438 1055 1494 oul-

164 1533 284 1591 toribus.
328 1532 385 1590 sed
403 1539 505 1591 utrum
523 1534 660 1592 Aravisci
676 1535 710 1591 in
727 1534 911 1592 Pannoniam
927 1537 964 1592 ab
979 1535 1051 1607 Osis,

165 1629 376 1688 Germanorum
394 1630 520 1704 natione,
540 1649 578 1687 an
597 1631 650 1689 Osi
667 1631 704 1688 ab
722 1632 872 1688 Araviscis
888 1632 921 1688 in
937 1631 1055 1689 Germa·

163 1729 244 1785 niam
267 1729 528 1805 commigraverint,
554 1750 647 1806 quum
673 1731 774 1788 eodem
795 1731 890 1788 adhuc
913 1749 1050 1802 sermone,

164 1824 317 1895 institutis,
342 1825 473 1882 moribus
495 1831 626 1898 utantur,
652 1827 797 1884 incertum
820 1831 872 1899 est,
898 1827 968 1902 quia
989 1826 1054 1900 pari

164 1919 235 1976 olim
254 1919 353 1997 inopia
373 1941 406 1978 ac
426 1922 563 1980 libertate
582 1924 684 1980 eadem
703 1923 858 1998 utriusque
877 1922 958 1999 ripae
977 1923 1054 1979 bona

164 2018 298 2094 malaque
312 2025 402 2076 erant.
445 2019 564 2078 Treveri
577 2027 613 2078 ‘et
630 2021 737 2078 Nervii
750 2020 826 2078 circa
839 2020 1054 2076 affectationem

165 2113 355 2170 Germanicae
368 2114 487 2190 originis
500 2116 579 2174 ultro
592 2115 740 2174 ambitiosi
753 2121 830 2188 sunt,
841 2121 992 2192 tamquam
1001 2134 1054 2190 per
1070 2187 1071 2192 ἵ

164 2209 240 2265 hanc
258 2209 381 2284 gloriam
398 2211 548 2286 sanguinis
566 2230 584 2267 a
601 2211 794 2269 similitudine
813 2217 844 2268 et
861 2212 968 2268 inertia
987 2210 1052 2267 Gal·

164 2305 259 2362 lorum
283 2313 461 2381 separentur.
505 2307 605 2382 Ipsam
626 2306 726 2363 Rheni
747 2307 841 2382 ripam
861 2306 942 2364 haud
965 2307 1053 2364 dubie

165 2403 377 2461 Germanorum
397 2405 498 2480 populi
518 2405 625 2477 colunt,
647 2404 825 2480 Vangiones,
847 2403 972 2477 Triboci,
994 2405 1054 2462 Ne-

164 2507 263 2557 metes.
305 2499 337 2556 N
339 2519 354 2556 e
368 2500 444 2558 Ubii
457 2501 584 2576 quidem,
600 2519 778 2576 quamquam
792 2499 927 2557 Romana
941 2501 1054 2558 colonia

164 2613 225 2652 esse
244 2597 412 2666 meruerint,
434 2615 467 2652 ac
487 2596 626 2652 libentius
646 2596 877 2672 Agrippinenses
897 2596 1054 2654 conditoris

164 2693 210 2750 sui
229 2693 346 2750 nomine
366 2700 516 2766 vocentur,
538 2693 649 2769 origine
672 2694 856 2764 erubescunt,
881 2695 1053 2768 transgressi

164 2789 235 2846 olim
258 2795 288 2846 et
310 2790 510 2866 experimento
529 2789 598 2847 fidei
618 2788 706 2866 super
724 2791 819 2867 ipsam
839 2789 939 2846 Rheni
958 2791 1054 2866 ripam

164 2886 295 2944 collocati
308 2893 343 2942 ut
356 2892 494 2958 arcerent,
509 2907 569 2944 non
582 2892 618 2944 ut
630 2886 853 2943 custodirentur.

222 2982 347 3045 XXIX.
391 2982 531 3040 Omnium
552 2984 657 3040 harum
680 2983 813 3059 gentium
837 2981 950 3038 virtute
972 2999 1054 3057 prae·

164 3081 243 3158 cipui
256 3079 364 3136 Batavi
376 3097 438 3136 non
455 3080 584 3137 multum
603 3100 640 3137 ex
659 3081 724 3155 ripa
741 3078 790 3135 sed
810 3077 936 3134 insulam
954 3075 1054 3133 Rheni

163 3179 259 3235 amuis
282 3176 389 3248 colunt,
416 3175 591 3234 Chattorum
611 3175 758 3251 quondam
778 3174 909 3250 populus,
932 3178 963 3230 et
982 3172 1056 3229 sedi-

164 3277 245 3332 tione
266 3274 423 3330 domestica
446 3273 479 3329 in
502 3291 550 3330 eas
570 3271 651 3329 sedes
670 3277 873 3347 transgressus,
895 3269 1055 3347 inquibus

164 3390 231 3447 pars
252 3370 380 3427 Romani
401 3369 518 3446 imperii
538 3368 648 3426 fierent.
692 3366 797 3423 Manet
816 3365 908 3422 honos
927 3373 958 3423 et
979 3367 1056 3422 anti-

165 3485 239 3544 quae
262 3467 407 3525 sooietatis
433 3447 554 3544 insigne.
598 3465 676 3522 Nam
704 3481 758 3520 nec
784 3462 904 3520 tributis
927 3469 1056 3521 contem·
