2432 3784
351 231 552 291 safflooal
581 231 843 292 XVIII.—-XXI.
1010 233 1046 290 la

157 376 304 434 quemque
323 357 496 416 fidissimum
515 365 635 436 putare;
659 360 758 416 omnia
775 361 928 431 seirenes
949 361 1048 418 omnia

157 453 280 528 exsequi
290 473 300 525 3
320 453 418 528 parvis
437 455 564 528 peccatis
584 455 709 527 veniam,
728 457 841 531 magnis
861 456 1047 513 severitatem

157 551 349 621 commodare,
363 569 417 608 nec
434 569 528 626 poena
541 571 660 628 semper,
675 553 725 610 sed
738 553 851 628 saepius
867 552 1048 627 poenitentia

158 653 314 705 contentus
338 665 419 718 ess03
447 647 547 704 officiis
569 653 599 704 et
622 649 923 706 administrationibus
949 650 1047 724 potius

159 764 220 802 non
245 750 413 820 peccaturos
446 762 632 821 praeponere,
661 765 749 822 quam
781 747 927 817 danmare,
956 765 1047 822 quum

160 849 331 916 peccassent
394 844 549 904 Frumenti
584 851 617 900 et
651 845 830 901 tributorum
866 845 1047 902 exactionem

159 938 336 1013 aequalitate
365 958 520 998 munerum
549 937 670 1008 mollire,
697 939 880 1007 circumcisis,
907 957 982 1014 quae
1014 939 1047 995 iu

160 1041 314 1108 quaestum
336 1041 452 1110 reperta
473 1035 535 1114 ipso
562 1035 675 1092 tributo
694 1036 812 1110 gravius
838 1035 1045 1094 tolerabantur.

161 1127 297 1205 Namque
324 1148 377 1205 per
401 1130 562 1188 ludibrium
588 1130 713 1187 assidere
740 1131 844 1187 clausis
877 1129 987 1187 horreis
1017 1136 1047 1188 et

162 1242 257 1281 emere
283 1225 360 1281 ultro
383 1225 531 1284 frumenta
554 1245 588 1282 ac
610 1225 711 1283 ludere
733 1225 828 1301 pretio
851 1227 1045 1300 cogebantur3

161 1319 293 1376 devortia
303 1321 442 1377 itinerum
453 1326 483 1377 et
492 1320 690 1396 longinquitas
698 1321 848 1396 regionum
856 1321 1045 1392 indicebatur,

162 1423 198 1471 ut
224 1416 364 1487 civitates,
397 1415 539 1491 proximis
564 1415 703 1486 hibernis,
730 1416 762 1472 iu
789 1423 900 1473 remota
926 1422 956 1474 et
982 1419 1047 1474 avia

162 1510 316 1582 deferrent,
326 1511 425 1577 donec,
438 1511 516 1586 quod
526 1509 661 1566 omnibus
671 1511 703 1566 in
717 1519 854 1587 promptu
865 1518 934 1584 erat,
949 1515 1047 1588 paucis

162 1606 307 1661 lucrosum
321 1606 409 1662 fieret

223 1701 295 1758 XX
337 1702 420 1760 Haec
432 1703 527 1780 primo
537 1705 638 1760 atatim
652 1722 729 1760 auno
742 1705 956 1780 comprimendo
970 1725 1047 1782 egre-

163 1797 241 1871 giam
262 1798 369 1856 famam
388 1800 453 1875 paci
473 1799 671 1870 circumdedit,
697 1819 771 1876 quae
791 1801 839 1858 vel
866 1802 978 1858 incuria
1000 1804 1048 1860 vel

164 1892 350 1951 intolerantia
369 1894 499 1970 priorum
521 1895 599 1952 haud
621 1894 717 1951 minus
737 1914 825 1970 quam
841 1896 949 1954 bellum
966 1897 1048 1956 time

165 1991 258 2048 batur.
309 1989 366 2046 Sed
392 1990 444 2064 ubi
470 1997 563 2048 aestas
589 1991 717 2062 advenit,
743 1998 890 2050 contracto
917 1995 1048 2053 exercitu

165 2083 276 2142 multus
294 2085 327 2142 in
343 2085 466 2160 agmine,
485 2085 604 2143 laudare
622 2087 801 2157 modestiam,
821 2088 954 2146 disiectos
972 2098 1047 2148 co'e'r·

164 2201 247 2255 cere;
268 2184 331 2240 loca
346 2184 447 2240 castris
463 2183 524 2259 ipsa
542 2203 652 2260 capere,
672 2187 817 2242 aestuaria
834 2205 868 2243 ac
886 2187 974 2245 silvas
987 2189 1048 2265 ipse

164 2283 366 2351 praetentare3
394 2285 423 2335 at
447 2278 521 2335 nihil
547 2279 666 2336 interim
689 2280 767 2355 apud
793 2281 889 2339 hostes
915 2285 1048 2359 quietum

164 2371 235 2447 pati,
255 2374 409 2449 quominus
424 2374 529 2431 subitis
546 2377 713 2432 excursibus
733 2377 940 2452 popularetur;
961 2386 1048 2456 atque

167 2467 217 2523 ubi
229 2469 300 2525 satis
318 2475 469 2541 terruerat,
490 2471 633 2545 parcendo
650 2491 751 2529 nuans
768 2474 952 2532 irritamenta
970 2477 1049 2552 pacis

165 2569 317 2622 ostentare.
361 2565 473 2633 Quibus
499 2567 586 2623 rebus
612 2567 721 2626 multae
748 2569 888 2646 civitates,
917 2591 991 2648 quae
1016 2573 1049 2628 iu

165 2659 248 2716 illum
275 2662 352 2718 diem
378 2681 416 2718 ex
436 2681 528 2738 aequo
551 2669 679 2738 egerant,
704 2665 781 2723 datis
804 2667 951 2725 obsidibus
974 2669 1049 2726 iram

164 2775 292 2832 posuere,
304 2767 334 2816 et
347 2761 497 2836 praesidiis
510 2764 692 2840 castellisque
706 2766 907 2839 circumdatae,
921 2774 952 2826 et
965 2774 1048 2826 tanta

165 2852 277 2908 ratione
290 2873 416 2930 curaque
428 2862 464 2912 ut
476 2858 558 2914 nulla
570 2865 640 2916 ante
654 2860 825 2919 Britanniae
839 2882 915 2920 nova
927 2884 1001 2940 pars

224 2948 314 3008 XXI.
356 2950 518 3010 Ilisoessita
549 2956 667 3013 transiit
693 2975 815 3032 sequens
844 2959 943 3031 hiems,
976 2960 1049 3018 salu-

165 3043 297 3102 berrimis
310 3048 437 3104 consiliis
450 3049 609 3126 absumpta
651 3053 788 3129 Namque
802 3061 837 3111 ut
849 3055 980 3114 homines
993 3057 1049 3112 dis-

165 3140 241 3214 persi
261 3160 295 3198 ac
314 3141 401 3199 rudes
422 3161 513 3219 eoque
534 3147 610 3204 bello
630 3147 728 3206 faciles
751 3150 844 3224 quieti
866 3158 896 3208 et
914 3151 974 3208 otio
998 3170 1050 3226 per

165 3233 332 3310 voluptates
361 3245 566 3309 assuescerent,
596 3241 708 3300 hortari
739 3243 886 3318 privatim,
911 3245 1049 3304 adiuvare

166 3331 286 3405 publice,
304 3339 339 3390 ut
357 3333 474 3410 templa,
491 3337 562 3404 fora,
581 3338 680 3396 domos
696 3346 887 3412 emtruerent,
905 3342 1049 3400 laudando

166 3435 311 3504 promptos
324 3434 355 3487 et
368 3430 534 3506 castigando
552 3452 659 3510 segnes.
702 3435 751 3491 Ita
764 3437 881 3495 honoria
894 3438 1049 3496 aemulatio
