2432 3784
340 239 544 305 Aonlootl
574 239 854 304 XXII-XXIV.
1002 235 1034 304 lt

145 382 185 432 ut
197 375 348 432 silentium
361 376 423 433 eius
436 395 496 433 non
506 377 643 447 timeres;
657 377 807 434 honestius
820 375 943 451 putabat
953 375 1040 433 offen-

146 476 217 532 dere
231 493 320 550 quam
334 475 433 534 odisse.
555 531 559 538 ,

210 570 340 628 XXIII.
383 571 496 640 Quanta
521 576 616 627 aestas
643 567 817 638 obtinendis,
841 587 916 645 quac
941 587 1040 644 percu·
1145 635 1147 640 ,

146 671 288 734 currerat,
302 666 460 742 insumpta,
475 665 552 733 ao,si
566 666 661 722 virtus
674 667 856 722 exercituum
869 669 900 721 et
913 661 1038 721 Romani

145 762 277 819 nominis
297 761 389 837 gloria
411 767 569 837 pateretur.
592 761 731 818 inventus
752 761 785 818 in
802 761 869 837 ipsa·
884 761 1040 818 Britannia

146 857 304 914 terminus.
344 855 482 931 Namque
504 855 589 912 Clota
605 861 636 912 et
658 855 804 927 Bodotria,
825 857 934 913 diversi
951 857 1040 912 maris

147 952 279 1008 aestibus
306 968 358 1026 per
381 950 555 1007 immensum
578 955 717 1022 revectus,
744 957 868 1025 angusto
894 956 1040 1006 terrarum

147 1047 244 1122 spatio
267 1047 455 1117 dirimuntur,
478 1047 556 1122 quod
577 1057 643 1102 tum
669 1045 820 1121 praesidiis
847 1045 1019 1101 firmabatur
1029 1065 1038 1118 ¹:
1135 1051 1136 1058 ’

147 1151 238 1220 atquc
259 1143 353 1201 omnis
372 1143 491 1220 propior
509 1145 591 1201 ainus
608 1145 772 1215 tenebatur,
787 1144 939 1201 summotis
956 1144 1040 1202 velut

148 1242 183 1298 in
195 1243 283 1300 aliam
297 1242 423 1299 insulam
437 1241 577 1308 hostibus.
808 1246 809 1249 ’

210 1339 333 1396 XXIV.
377 1337 489 1408 Quinto
510 1337 730 1414 expeditionum
749 1357 827 1396 anno
848 1357 923 1396 nave
945 1337 1039 1414 prima

148 1445 343 1512 transgressus
356 1437 472 1512 ignotas
491 1435 529 1492 ad
542 1435 573 1493 id
585 1440 701 1511 tempus
716 1441 819 1511 gentes
832 1435 940 1492 crebris
952 1435 1037 1490 simul

149 1550 183 1588 ac
193 1532 335 1606 prosperis
344 1531 462 1607 proeliis
469 1529 591 1602 domuit,
603 1547 725 1606 eamque
735 1538 848 1606 partem
859 1530 1038 1610 Britanniae,

149 1645 225 1702 quae
238 1624 414 1684 Hiberniam
422 1625 534 1702 aspicit,
544 1626 634 1702 copiis
646 1627 796 1696 instruxit,
809 1627 841 1682 in
854 1646 934 1701 spem
948 1629 1040 1702 magis

149 1741 238 1798 quam
252 1723 289 1782 ob
306 1723 500 1795 formidinem,
515 1723 541 1780 si
558 1723 677 1800 quidem
695 1722 841 1779 Hibernia
854 1723 949 1779 medio
962 1723 1040 1780 inter

150 1819 336 1875 Britanniam
356 1825 445 1894 atque
467 1819 644 1896 Hispaniam
664 1818 721 1876 sita
742 1823 773 1874 et
795 1817 906 1874 Gallico
924 1836 1040 1892 quoque

149 1915 225 1971 muri
239 1921 402 1990 opportuna
415 1915 645 1972 valentissimam
658 1915 774 1990 imperii
794 1918 907 1990 partem
927 1915 1040 1988 magnis

149 2011 276 2067 invicem
290 2011 391 2067 usibus
403 2011 560 2070 miscuerit
596 2011 731 2086 Spatium
744 2011 814 2082 eius,
830 2011 856 2067 si
868 2009 1040 2068 Britanniae

148 2111 340 2180 comparetur,
366 2107 527 2182 angustius,
550 2107 645 2164 nostri
666 2108 755 2164 maris
778 2105 889 2163 insulas
912 2113 1037 2181 superat

149 2202 249 2258 Solum
265 2201 435 2276 coelumque
448 2208 479 2258 et
494 2202 611 2277 ingenia
628 2203 782 2279 cultusque
795 2203 947 2260 hominum
960 2203 1040 2259 haud

148 2297 277 2353 multum
291 2295 474 2356 aBritannia
483 2297 640 2371 differunt3
655 2300 759 2356 molius
773 2301 870 2358 aditus
880 2307 1040 2377 portusque

148 2411 202 2470 per
217 2395 388 2452 commercia
408 2401 439 2452 et
458 2395 653 2470 negotiatores
673 2397 789 2469 cogniti
832 2395 971 2471 Agricola
992 2416 1040 2453 ex·

149 2489 267 2566 pulsum
290 2491 432 2548 seditione
453 2489 611 2547 domestica
631 2507 724 2546 uuum
748 2509 786 2546 ex
809 2491 917 2566 regulis
943 2493 1039 2565 gentis

151 2591 312 2660 exceperat,
327 2605 360 2642 ac
374 2587 468 2662 specie
481 2585 628 2642 amicitias
641 2585 673 2641 in
693 2585 870 2642 occasionem
883 2585 1038 2642 retinebat.

150 2681 242 2756 Saepe
266 2701 304 2737 ex
325 2701 359 2738 eo
382 2681 484 2738 audivi
504 2680 618 2754 legione
641 2699 701 2736 una
724 2687 755 2737 et
775 2680 896 2738 modicis
919 2681 1039 2737 auxiliis

149 2775 287 2832 debellari
313 2777 496 2851 obtinerique
523 2775 700 2832 Hiberniam
726 2795 816 2852 posse,
838 2777 926 2853 idque
950 2779 1038 2835 etiam

149 2873 287 2929 adversus
309 2871 494 2930 Britanniam
518 2873 713 2947 profuturum,
731 2875 756 2930 si
775 2874 909 2931 Romana
930 2875 1039 2952 ubique

150 2985 238 3038 arma,
253 2973 283 3024 ct
295 2967 378 3023 velut
392 2987 408 3024 e
422 2974 578 3043 conspectu
591 2968 711 3026 libertas
724 2969 884 3028 tolleretur.

151 3127 344 3170 xxa-xxix.
387 3128 450 3170 nu.
468 3112 617 3172 83.-n1>.
634 3114 681 3172 84.
716 3105 854 3191 Aqrtcotc
867 3115 1039 3173 undertakes

189 3219 229 3255 aa
250 3199 414 3274 ecpcditiott
437 3200 473 3274 by
488 3219 537 3257 sao
555 3201 619 3258 aad
633 3201 707 3260 lofrid
726 3212 754 3260 to
773 3201 817 3260 tte
834 3202 921 3260 north
938 3201 977 3277 of
995 3202 1039 3259 tlte

188 3285 338 3359 Bodotria,
353 3287 416 3344 aad
427 3287 454 3344 ia
466 3295 522 3344 mat
536 3287 573 3361 by
586 3309 606 3346 o
622 3289 834 3362 confhdarctiott
850 3288 887 3362 qs
899 3289 943 3347 tlte
959 3283 1039 3348 Uolc-

188 3373 300 3430 doniom
313 3373 397 3430 bibes
410 3373 472 3430 wito
485 3373 567 3432 make
580 3376 724 3434 ceaddan
737 3376 800 3433 aad
803 3375 930 3450 furious
943 3373 1038 3434 attach

189 3477 227 3517 oa
239 3459 283 3518 tltc
298 3461 347 3520 aa
360 3459 459 3536 lapion,
474 3461 524 3520 but
536 3481 586 3520 arc
604 3462 768 3538 ultimately
781 3462 915 3537 defiated.
961 3463 1040 3539 I'ltcy

226 3571 292 3617 aa.
939 3561 957 3617 2
