2432 3784
348 225 451 284 AGRI
451 225 549 288 OOLA
579 225 871 286 XXX—XXXII.
1015 231 1053 287 23

161 365 251 432 sunt;
271 366 323 416 aut
337 360 419 416 nulla
432 360 577 436 plerisque
590 360 687 435 patria
700 365 754 416 ant
769 360 828 417 alia
847 367 898 420 est.
942 359 1053 420 Paucos

161 475 291 528 numero,
314 457 442 532 trepidos
468 457 641 532 ignorantia,
665 457 777 514 coelum
801 458 897 533 ipsum
920 477 953 515 ao
974 479 1054 517 mure

162 562 192 608 et
210 553 305 622 silvas,
320 553 420 627 ignota
438 553 543 624 omnia,
562 553 842 629 circumspectantes,
858 556 969 613 clausos
986 577 1055 633 quo

162 648 316 706 dammodo
329 667 362 704 ac
376 649 490 704 vinctos
504 649 546 706 dii
559 649 643 705 nobis
656 649 849 707 tradiderunt.
883 651 931 708 Ne
945 659 1054 710 terreat

162 765 256 803 vanus
282 753 415 822 aspectus
438 753 468 804 et
496 747 561 831 auri
588 748 685 823 fulgor
711 755 799 826 atque
827 751 949 826 argenti,
976 752 1053 828 quod

164 863 260 919 neque
282 845 357 920 tegit
384 863 479 920 neque
506 844 651 902 vulnerat.
693 845 731 902 In
753 847 815 922 ipsa
837 845 967 904 hostium
993 847 1053 904 acis

161 942 343 998 inveniemus
359 946 473 998 nostras
492 959 597 998 manus
607 961 616 1012 3
636 951 793 1017 agnoscent
812 943 950 1000 Britanni
971 962 1053 1000 suam

162 1058 301 1105 caussam,
340 1037 572 1095 recordabuntur
606 1037 685 1096 Galli
718 1041 845 1115 priorem
878 1040 1051 1109 libertatem,

162 1134 295 1191 deserent
315 1133 381 1191 illos
399 1134 489 1192 ceteri
508 1134 655 1206 Germani,
676 1141 827 1210 tamquam
847 1155 941 1210 nuper
955 1135 1054 1212 Usipii

162 1233 372 1308 relinquerunt
415 1231 447 1288 N
448 1251 480 1288 eo
493 1233 651 1308 quicquam
667 1231 746 1289 ultra
760 1231 941 1304 formidinis;
962 1251 1055 1288 vacua

163 1327 287 1399 castella,
303 1346 406 1384 senum
420 1327 558 1398 coloniae,
572 1326 652 1383 inter
664 1327 740 1384 male
752 1333 888 1403 parentes
901 1333 932 1385 et
944 1327 1054 1384 iniuste

162 1425 338 1500 imperantes
351 1444 437 1500 aegra
450 1425 611 1501 municipia
624 1430 654 1482 et
667 1425 870 1482 discordantia
906 1425 968 1483 Hic
982 1427 1052 1498 dux,

161 1521 210 1578 hic
223 1522 369 1578 exercitus
381 1541 390 1594 3
411 1521 473 1577 illic
491 1521 604 1578 tributa
617 1527 648 1579 et
661 1522 780 1579 metella
794 1529 824 1580 et
837 1529 949 1581 ceterae
967 1526 1054 1581 servi-

162 1616 275 1672 entium
288 1635 404 1691 poenae,
420 1635 492 1690 quas
516 1617 548 1672 in
569 1622 721 1673 aeternum
735 1618 862 1691 perferre
879 1625 932 1674 aut
953 1619 1053 1674 statim

161 1715 260 1771 ulcisci
280 1715 312 1770 in
335 1714 390 1770 hoc
410 1732 510 1788 campo
533 1718 583 1770 est.
627 1713 754 1770 Proinde
772 1715 851 1774 ituri¹
865 1715 898 1770 in
918 1715 1008 1770 aciem
1023 1729 1053 1771 et

162 1811 283 1866 rnaiores
296 1819 408 1866 vestros
422 1817 452 1866 et
466 1819 596 1884 posteros
610 1809 742 1884 cogitate.

161 1970 415 2012 xxxma—murm.
452 1947 613 2026 apricolc's
626 1951 744 2008 address
761 1958 788 2007 to
804 1950 850 2008 lis
865 1959 965 2026 troops.
1007 1951 1054 2010 He
1080 2015 1083 2018 ,

200 2042 328 2098 reminds
352 2041 426 2098 rtem
446 2040 483 2112 of
498 2039 541 2096 the
563 2058 684 2112 couroye
702 2037 766 2094 aad
782 2038 944 2096 eoduranee
962 2039 1053 2097 wlcirls

199 2149 280 2185 seven
293 2127 383 2202 peurs'
398 2127 531 2200 military
544 2125 647 2182 seruire
660 2124 713 2182 tas
727 2125 819 2195 tested,
838 2124 876 2199 of
884 2125 928 2182 tlte
944 2127 1054 2201 cereique

200 2217 345 2272 eltcracter
373 2214 411 2288 of
436 2215 509 2271 their
540 2213 750 2283 uctieoemeuts,
782 2211 821 2286 of
853 2212 927 2270 their
962 2213 1054 2288 despe

200 2312 261 2359 rote
284 2303 419 2377 position,
445 2301 481 2372 of
505 2300 578 2358 their
608 2299 737 2373 priorious
768 2299 831 2371 end,
856 2299 960 2358 should
989 2302 1054 2376 they

200 2391 230 2446 be
256 2389 455 2464 overpowered,
484 2387 518 2444 irc
548 2386 619 2443 these
651 2395 754 2442 remote
787 2387 849 2444 aad
878 2387 1055 2462 umoeplored

200 2477 319 2550 replens.
363 2475 422 2534 rte
448 2494 555 2548 enemy,
583 2473 617 2530 lie
643 2482 777 2546 supposta
809 2473 863 2530 lios
895 2476 976 2531 stood
1008 2476 1054 2532 Itis

199 2563 317 2636 qrourid
332 2563 430 2620 rather
445 2562 541 2618 under
559 2560 603 2618 rte
618 2559 758 2634 influenee
778 2559 816 2634 of
823 2561 914 2636 partic
932 2562 1004 2620 tlon
1023 2563 1059 2636 of

200 2650 300 2724 steorly
313 2649 462 2706 deliberate
476 2647 606 2720 bravery.

220 2759 385 2818 XXXIII·
413 2759 562 2835 Excepere
576 2758 737 2816 orationem
750 2757 866 2830 alacres,
879 2765 914 2816 ut
925 2760 1054 2817 barbaris

161 2857 258 2928 moris,
272 2863 362 2914 cantu
374 2856 552 2930 fremituque
568 2860 598 2912 et
614 2855 787 2911 clamoribus
803 2855 933 2912 dissonis
977 2855 1055 2912 Iam-

162 2976 218 3032 que
238 2957 363 3030 agmina,
385 2960 416 3011 et
435 2973 581 3011 armorum
601 2954 727 3028 fulgores
744 2953 946 3010 audentissimi
962 2954 1055 3010 cuius

162 3070 219 3128 que
232 3069 372 3128 procursu
375 3069 383 3122 ;
399 3049 486 3106 simul
499 3049 700 3106 instruebatur
709 3049 792 3120 acies,
804 3068 897 3124 quum
906 3047 1054 3124 Agricola,

162 3166 339 3223 quamquam
373 3145 484 3204 lactum
518 3151 549 3201 ct
585 3146 638 3201 vix
672 3143 864 3202 munimentis
899 3144 1052 3200 ooe'rcitum

162 3242 287 3299 militem
300 3240 515 3298 accendendum
528 3239 623 3296 adhuc
637 3245 727 3309 ratus,
742 3240 785 3296 ita
799 3238 953 3295 disseruit:

223 3338 352 3396 Octavus
365 3355 459 3392 annus
471 3341 523 3404 est,
539 3334 757 3406 commilitones,
772 3354 810 3391 ex
823 3354 881 3411 quo
897 3335 1009 3392 virtute
1025 3343 1056 3392 et

162 3433 298 3510 auspiciis
324 3431 440 3508 imperii
468 3429 604 3502 Romani,
632 3429 690 3488 fide
719 3437 808 3506 atque
839 3449 926 3508 opera
957 3436 1055 3490 vestra
