2432 3784
168 231 185 286 2
424 230 626 290 CORNELII
652 229 796 290 raom

227 359 270 417 ΙΙ.
321 359 465 436 Legimus,
499 381 590 436 quum
622 360 756 417 Aruleno
788 359 911 415 Rustico
944 357 1052 416 Paetus

168 457 301 527 Thrasea,
325 457 477 514 Herennio
502 457 654 514 Senecioni
676 455 792 512 Priscus
814 454 972 512 Helvidius
992 455 1052 513 lau-

168 555 231 612 dati
249 559 352 625 essent,
371 555 495 630 capitale
512 555 608 625 fuisse,
629 572 722 628 neque
740 553 772 608 in
790 553 868 626 ipsos
885 551 970 608 modo
988 571 1052 608 auc-

169 656 253 718 tores,
274 648 374 704 sedin
392 649 482 706 libros
499 669 615 725 quoque
634 667 734 705 eorum
752 649 902 717 saevitum,
923 645 1052 722 delegato

168 745 330 802 triumviris
358 747 528 813 ministerio,
552 751 588 802 ut
613 751 803 802 monumenta
829 745 1052 823 clarissimorum

167 841 351 915 ingeniorum
364 841 396 896 in
411 841 527 897 comitio
540 860 573 898 ac
589 841 651 898 foro
664 847 826 900 urerentur.
869 841 986 898 Scilicet
1001 823 1053 896 illd

167 933 235 1010 igne
256 954 356 992 vocem
376 936 477 1011 populi
499 936 626 992 Romani
648 949 679 992 et
699 935 864 992 libertatem
886 943 1003 994 senatus
1023 943 1053 993 et

168 1032 371 1089 conscientiam
400 1032 513 1107 generis
540 1032 662 1089 humani
690 1033 799 1089 aboleri
826 1033 1051 1102 arbitrabantur,

168 1127 296 1204 expulsis
316 1129 436 1204 insuper
456 1128 614 1202 sapientiae
634 1128 842 1203 professoribus
864 1134 953 1204 atque
974 1129 1050 1184 omni

170 1223 244 1278 bona
261 1231 324 1279 arte
342 1223 374 1279 in
389 1223 510 1278 exilium
528 1229 600 1294 acta,
621 1241 659 1278 ne
676 1223 748 1298 quid
761 1242 884 1298 usquam
899 1223 1052 1279 honestum

168 1323 337 1374 occurreret.
380 1317 523 1374 Dedimus
537 1318 664 1392 profecto
678 1318 787 1393 grande
798 1319 958 1394 patientiae
971 1319 1054 1374 docu-

168 1419 301 1470 mentum
308 1432 317 1484 ;
338 1419 368 1470 et
386 1413 462 1470 sicut
479 1419 564 1470 vetus
582 1419 662 1470 aetas
679 1415 765 1486 vidit,
779 1415 849 1491 quid
868 1415 1004 1471 ultimum
1021 1415 1054 1472 in

168 1509 302 1564 libertate
317 1514 399 1580 esset,
415 1508 458 1566 ita
475 1525 536 1579 nos,
552 1509 626 1584 quid
640 1509 673 1564 in
691 1510 839 1582 servitute,
855 1509 989 1586 adempto
1002 1529 1054 1584 per
1121 1557 1123 1570 .
1205 1519 1206 1532 ¹

169 1603 371 1679 inquisitiones
393 1604 482 1660 etiam
502 1604 640 1680 loquendi
661 1604 856 1681 audiendique
874 1607 1051 1664 commercio.

170 1701 341 1758 Memoriam
360 1719 476 1776 quoque
494 1703 587 1777 ipsam
607 1721 674 1758 cum
691 1720 762 1758 voce
780 1702 1009 1778 perdidissemus,
1029 1703 1054 1758 si

168 1805 229 1852 tam
243 1799 276 1853 in
289 1802 390 1854 nostra
403 1801 547 1872 potestate
561 1803 635 1854 esset
649 1797 780 1854 oblivisci
793 1817 881 1873 quarn
894 1804 996 1856 tacere.

229 1893 290 1952 III.
332 1893 364 1950 N
365 1913 422 1950 unc
442 1893 559 1950 demum
579 1893 655 1949 redit
673 1894 787 1950 animus
793 1913 802 1965 3
827 1900 857 1950 et
879 1913 1054 1969 quamquam

168 1989 262 2066 primo
280 1990 380 2048 stetim
397 1990 558 2046 beatissimi
576 1989 664 2047 seculi
683 1995 751 2046 ortu
770 1989 870 2046 Nerva
887 1990 993 2048 Caesar
1008 2009 1054 2046 res

169 2087 239 2144 olim
263 2085 457 2142 dissociabiles
480 2085 636 2155 miscuerit,
661 2085 859 2160 principatum
882 2104 915 2141 ac
938 2085 1054 2142 liberta·

169 2191 236 2255 tem,
255 2190 416 2258 augeatque
434 2182 564 2258 quotidie
585 2182 755 2238 felicitatem
772 2187 934 2257 temporum
954 2183 1054 2239 Nerva

170 2279 320 2349 Traianus,
334 2297 388 2336 nec
404 2297 484 2353 spem
502 2277 587 2334 modo
601 2297 634 2334 ac
647 2286 751 2334 votum
768 2259 912 2336 Securitas
930 2277 1051 2353 publica,

168 2375 220 2434 sed
237 2375 328 2450 ipsius
346 2375 408 2434 voti
427 2374 564 2430 fiduciam
581 2393 615 2430 ac
632 2373 720 2430 robur
738 2375 931 2448 assumpserit,
948 2389 1054 2432 natura

170 2479 268 2528 tamen
293 2471 473 2528 infirmitatis
498 2469 642 2526 humanae
672 2471 801 2526 tardiora
832 2477 902 2528 sunt
928 2472 1055 2528 remedia

169 2589 258 2646 quam
272 2570 348 2626 mala
354 2589 363 2640 ;
385 2574 416 2626 et
432 2574 466 2626 ut
480 2587 598 2643 corpora
610 2573 709 2624 nostra
724 2568 803 2624 lento
816 2575 981 2643 augescunt,
995 2571 1054 2626 cito

170 2666 393 2741 extinguuntur,
406 2667 447 2723 sic
460 2666 577 2740 ingenia
590 2662 744 2740 studiaque
757 2665 930 2740 oppresseris
942 2663 1055 2720 facilius

170 2781 257 2837 quam
271 2763 458 2819 revocaveris.
501 2761 589 2818 Subit
601 2761 709 2837 quippe
722 2761 812 2818 etiam
828 2762 919 2836 ipsius
932 2759 1055 2820 inertiae

170 2857 300 2928 dulcedo,
330 2862 359 2913 et
385 2856 480 2912 invisa
506 2855 600 2931 primo
624 2856 733 2912 desidia
759 2863 905 2932 postremo
931 2863 1053 2914 amatur.

170 2951 267 3020 Quidl
293 2952 390 3027 siper
410 2952 574 3027 quindecim
594 2971 693 3023 annos,
715 2952 824 3027 grande
845 2951 975 3008 mortalis
992 2953 1056 3010 aevi

170 3049 306 3124 spatium,
329 3047 416 3104 multi
437 3046 567 3104 fortuitis
585 3047 705 3118 casibus,
728 3046 962 3121 promptissimus
981 3047 1057 3122 quis·

170 3166 228 3222 que
254 3145 377 3204 saevitia
407 3143 546 3219 principis
575 3143 796 3210 interciderunt,
823 3141 916 3216 pauci,
944 3147 982 3212 et,
1011 3143 1057 3200 uti

170 3242 303 3313 dixerim,
326 3260 386 3298 non
409 3240 495 3298 modo
515 3240 647 3310 aliorum,
669 3239 719 3296 sed
740 3237 829 3294 etiam
848 3237 942 3295 nostri
961 3257 1057 3314 super·

169 3339 254 3396 stites
273 3356 380 3408 sumus,
395 3337 538 3412 exemptis
555 3355 572 3393 e
589 3336 685 3394 media
700 3333 763 3390 vita
781 3339 827 3390 tot
844 3335 936 3406 annis,
952 3334 1057 3410 quibus

171 3434 290 3493 iuvenes
309 3433 347 3494 ad
367 3437 554 3506 senectutem,
574 3451 655 3492 senes
676 3451 765 3508 prope
785 3431 822 3490 ad
842 3431 919 3508 ipsos
939 3437 1058 3492 exactae
