2432 3784
418 271 621 334 AGRIOOLA
649 269 744 330 VIII.
773 271 830 330 IX.
1047 274 1064 331 7

181 404 382 462 auctoritatem
408 411 461 462 aut
491 406 631 462 severitas
661 421 789 461 amorem
819 401 972 460 deminuit.
1015 403 1067 460 In·

180 503 345 576 tegritatem
366 507 455 578 atque
476 501 684 558 abstinentiam
706 501 736 558 111
762 505 847 557 tanto
870 501 936 556 viro
958 499 1067 557 referre

179 600 286 656 iniuria
298 601 444 656 virtutum
458 599 555 658 fuerit.
598 598 646 656 Ne
659 599 766 656 famam
781 597 906 674 quidem,
921 598 969 654 cui
982 617 1066 673 saepe

178 695 266 750 ctiam
275 695 346 750 boni
359 694 521 770 indulgent,
532 695 706 751 ostentanda
716 694 829 750 virtute
842 699 894 750 aut
907 713 960 769 per
972 699 1066 750 artem

178 791 339 866 qnaesivit;
368 789 468 866 procul
490 791 528 846 ab
549 788 744 846 aemulatione
771 789 910 845 adversus
933 787 1063 863 collegas,

176 887 277 962 procul
290 907 308 943 a
321 887 508 944 contentione
525 886 663 942 adversus
680 890 889 960 procuratores,
904 889 934 941 et
950 884 1065 940 vincere

175 982 333 1057 inglorium
359 988 390 1039 et
415 981 504 1038 atteri
529 981 678 1039 sordidum
703 981 909 1052 arbitrabatur.
961 979 1064 1037 Minus

175 1077 335 1134 triennium
354 1077 386 1134 in
405 1096 439 1134 ea
456 1076 600 1152 legatione
620 1077 756 1134 detentus
769 1093 803 1132 ac
818 1077 919 1132 statim
933 1075 970 1131 ad
983 1093 1065 1150 spem

175 1172 341 1228 consulatus
361 1179 513 1230 revocatus
535 1176 590 1243 est,
612 1170 770 1228 comitante
793 1170 929 1246 opinione
948 1169 1065 1226 Britan-

174 1267 255 1322 niam
267 1267 295 1323 ei
307 1266 488 1342 provinciam
498 1268 571 1339 dari,
583 1267 674 1324 nullis
686 1267 719 1322 in
732 1267 787 1323 hoc
800 1265 860 1323 suis
873 1265 1061 1337 sermonibus,

174 1363 225 1420 sed
247 1366 317 1440 quia
340 1367 579 1441 pervidebatur.
620 1365 712 1422 Haud
737 1383 850 1440 semper
872 1368 951 1421 errat
969 1363 1064 1438 fama3

173 1459 330 1535 aliquando
344 1468 374 1518 et
388 1460 481 1536 elegit.
525 1460 634 1519 00111111
654 1462 784 1536 egregiae
808 1465 873 1516 tum
892 1459 953 1534 spei
972 1459 1063 1516 filiam

173 1555 273 1611 iuveni
289 1555 363 1611 mihi
383 1544 544 1631 despondit,
558 1575 592 1614 eo
606 1563 672 1633 post
691 1555 872 1614 consulatum
890 1555 1062 1626 collocavit,

173 1657 204 1706 et
225 1653 326 1708 statim
348 1651 520 1709 Britanniae
538 1652 719 1728 praepositus
741 1658 792 1724 est,
815 1653 927 1710 adiecto
948 1653 1063 1729 pontifi·

173 1753 255 1804 catus
267 1749 434 1806 sacerdotio.

174 2016 296 2059 x.—xn.
337 2001 456 2060 Britain
464 2023 477 2071 ,·
498 2002 537 2060 111
554 2001 732 2073 madata,
748 1999 840 2075 thaps,
861 2001 1060 2077 rurrowadiap

211 2106 279 2159 acas,
301 2089 403 2162 origia,
424 2089 579 2159 character,
604 2097 725 2146 castoras
748 2087 786 2162 cs
800 2088 839 2145 its
858 2085 1061 2158 inimicante,-

211 2172 329 2245 clt'mate,
339 2174 478 2249 prodacta
492 2174 530 2248 of
537 2174 580 2232 rte
594 2174 654 2232 soil.

231 2325 271 2384 X
314 2327 483 2385 Britanniae
497 2327 587 2384 situm
605 2327 786 2404 populosque
802 2327 903 2386 multis
917 2327 1060 2403 scriptori·

170 2421 226 2476 bus
238 2431 411 2480 memoratos
424 2443 484 2480 non
497 2425 529 2480 in
546 2425 791 2499 comparationem
809 2443 895 2481 curae
912 2424 1060 2499 ingeniive

169 2516 301 2587 referam,
326 2519 376 2575 sed
398 2519 555 2595 quietum
578 2519 707 2594 primum
731 2520 895 2595 perdomita
916 2527 979 2592 est3
1008 2522 1059 2589 ita,

169 2631 245 2688 quae
265 2615 373 2688 priores
392 2615 524 2671 nondum
545 2623 692 2691 comperta
706 2616 871 2692 eloquentia
885 2616 1058 2691 percoluere,

169 2729 265 2768 rerum
294 2713 351 2770 fide
379 2713 541 2770 tradentur.
593 2713 757 2784 Britannia,
790 2713 960 2783 insularum,
989 2733 1060 2790 quas

170 2805 304 2864 Romana
320 2809 427 2866 notitia
444 2809 655 2884 complectitur,
674 2811 810 2884 maxima,
827 2811 921 2886 spatio
935 2830 968 2867 ac
981 2812 1060 2869 coelo

168 2903 201 2958 in
220 2904 362 2961 orientem
383 2905 565 2972 Germaniae,
586 2905 619 2961 in
635 2906 813 2962 occidentem
831 2904 994 2981 Hispaniae
1012 2907 1060 2964 ob-

169 2997 303 3056 tenditur
313 3020 322 3072 3
344 3001 437 3058 Gallis
456 3000 487 3056 in
507 2999 657 3058 meridiem
676 3003 766 3058 etiam
786 3001 948 3076 inspicitur.
991 3001 1061 3076 Sep.

169 3095 357 3153 tentrionalia
384 3098 454 3164 eius,
482 3096 572 3154 nullis
602 3104 703 3154 contra
736 3098 829 3168 terris,
859 3105 942 3153 vasto
970 3101 1058 3172 atque

168 3196 270 3265 aperto
295 3193 369 3248 mari
395 3192 557 3267 pulsantur.
600 3191 737 3249 Formam
765 3193 856 3248 totius
885 3190 1057 3248 Britanniae

169 3288 272 3346 Livius
291 3296 423 3346 veterum
446 3289 556 3346 Fabius
572 3289 713 3346 Rusticus
737 3289 898 3346 recentium
924 3286 1058 3362 eloquen-

169 3385 273 3440 tissimi
297 3391 426 3442 auctores
447 3384 587 3458 oblongae
613 3384 742 3440 scutnlae
768 3383 815 3440 vel
841 3383 962 3457 bipenni
988 3383 1057 3438 assi·

171 3477 314 3540 milavere.
361 3477 403 3534 Et
417 3482 512 3535 estes
529 3477 616 3534 facies
634 3478 708 3533 citra
724 3477 917 3549 Caledoniam,
933 3477 1056 3534 undeet
