2446 3784
321 313 325 320 ¹
435 240 652 300 ananiam
681 242 788 303 1.-v.
1040 253 1058 310 3

166 371 296 429 subolem
310 389 407 428 errore
420 371 453 428 in
465 372 544 429 huno
558 371 708 430 Oceanum
726 372 857 430 delatum
877 370 971 430 adisse
992 371 1062 430 Ger-

166 468 280 526 maniae
299 474 400 550 terras,
424 470 700 546 Asciburgiumque,
721 470 800 548 quod
820 470 853 526 in
875 469 940 546 ripa
962 469 1062 528 Rheni

165 566 255 624 situm
268 565 412 640 hodieque
425 564 572 637 incolitur,
587 566 625 622 ab
645 565 697 622 illo
717 565 911 622 constitutum
932 565 1063 622 nomina-

166 670 287 739 tumque
297 682 306 735 3
328 681 409 720 aram
422 663 495 738 quin
515 663 606 720 etiam
625 662 715 721 Ulixi
734 668 930 720 consecratam
950 663 1063 720 adiecto

166 758 289 816 Laertae
315 759 408 835 patris
436 759 555 816 nomine
581 759 683 815 eodem
710 758 773 816 loeo
804 758 875 818 olim
906 765 1060 834 repertam,

165 860 412 931 monumentaque
436 860 467 911 et
487 853 617 911 tumulos
640 854 781 932 quosdam
809 853 928 912 Graecis
954 854 1063 910 litteris

165 950 320 1026 inscriptos
346 951 379 1007 in
406 950 531 1008 confinio
560 950 733 1008 Germaniae
760 950 941 1025 Raetiaeque
967 951 1063 1011 adhue

165 1052 287 1106 exstare.
330 1045 412 1115 Quae
438 1065 535 1122 neque
562 1047 734 1104 confirmare
760 1049 940 1123 argumentis
966 1066 1063 1123 neque
1140 1097 1157 1107 .

165 1145 297 1203 refellere
310 1145 342 1202 in
356 1145 453 1203 animo
467 1151 512 1204 est
520 1166 530 1219 3
551 1165 589 1203 ex
608 1145 727 1222 ingenio
747 1163 800 1202 suo
820 1144 944 1221 quisque
964 1144 1063 1202 demat

165 1241 213 1298 vel
226 1241 315 1298 addat
329 1243 424 1300 fldem.

226 1336 283 1394 IV.
326 1336 394 1413 Ipse
415 1356 516 1394 eorum
537 1337 723 1414 opinionibus
743 1337 855 1404 accedo,
871 1336 924 1412 qui
945 1335 1062 1393 Germa-

166 1431 232 1488 niae
253 1431 375 1508 populos
394 1432 484 1489 nullis
504 1432 570 1488 aliis
590 1433 714 1489 aliarum
734 1432 888 1489 nationum
909 1431 1063 1489 connubiis

167 1529 288 1587 infectos
308 1529 456 1606 propriam
476 1535 506 1585 et
526 1530 667 1586 sineeram
688 1534 718 1586 et
738 1534 856 1586 tantum
877 1529 924 1585 sui
937 1527 1063 1586 similem

166 1631 284 1701 gentem
298 1625 446 1682 exstitisse
465 1624 655 1682 arbitrantur.
697 1623 788 1682 Unde
808 1624 927 1682 habitus
947 1643 1063 1701 quoque

167 1741 329 1798 corporum,
341 1740 518 1798 quamquam
532 1721 565 1778 in
578 1725 663 1777 tanto
676 1719 830 1778 hominum
842 1739 973 1792 numero,
984 1721 1063 1777 idem

167 1819 325 1892 omnibus3
346 1824 443 1875 truoes
456 1824 487 1874 et
500 1817 626 1874 caerulei
646 1816 731 1888 oeuli,
746 1816 853 1874 rutilae
866 1835 972 1886 comae,
987 1835 1064 1892 mag-

167 1935 206 1972 na
229 1933 349 1992 corpora
375 1920 406 1971 et
432 1919 551 1970 tantum
577 1913 614 1970 ad
640 1913 784 1989 impetum
811 1913 928 1986 valida3
957 1912 1064 1970 laboris

167 2017 257 2088 atque
269 2029 390 2088 operum
408 2027 469 2066 non
489 2008 590 2065 eadem
603 2008 769 2084 patientia3
790 2008 969 2084 minimeque
982 2008 1063 2064 sitim

167 2113 338 2183 aestumque
352 2105 484 2178 tolerare,
499 2105 608 2180 frigora
621 2111 710 2181 atque
723 2105 853 2162 inediam
866 2105 945 2163 eoelo
965 2105 1065 2163 solove

167 2208 329 2262 assuerunt.

227 2299 267 2358 V.
309 2299 487 2371 Terraetsi
510 2298 663 2373 aliquanto
689 2297 785 2374 speeie
812 2297 919 2370 differt,
948 2298 980 2354 in
1002 2299 1065 2355 uni-

170 2419 286 2458 versum
298 2407 399 2458 tamen
412 2406 464 2458 aut
484 2399 566 2458 silvis
586 2398 704 2456 horrida
723 2404 776 2456 ant
795 2399 951 2474 paludibus
971 2401 1063 2473 foeda,

169 2497 317 2554 humidior
331 2517 389 2573 qua
403 2497 522 2569 Gallias,
537 2496 686 2554 ventosior
705 2514 764 2571 qua
784 2495 928 2553 Noricum
941 2516 975 2556 ao
989 2496 1067 2554 Pan·

169 2593 289 2650 neniam
309 2594 421 2670 aspicit,
442 2595 513 2652 satis
533 2594 623 2666 ferax,
643 2593 849 2669 frugiferarum
862 2594 1000 2651 arborum
1014 2594 1066 2650 im·

170 2690 292 2765 patiens,
313 2708 449 2765 pecorum
469 2689 593 2747 fecunda
603 2709 612 2761 ;
634 2689 684 2746 sed
704 2689 876 2764 plerumque
896 2690 1063 2766 improoera.

171 2785 219 2844 Ne
242 2785 381 2844 armentis
402 2785 521 2862 quidem
543 2803 615 2842 suus
637 2785 731 2842 honor
754 2790 806 2841 aut
827 2785 921 2860 gloria
941 2786 1046 2842 frontis
1056 2807 1066 2859 ;

170 2901 292 2939 numero
305 2880 441 2956 gaudent,
457 2900 564 2957 eaeque
577 2880 655 2938 solae
668 2887 698 2937 et
711 2879 892 2956 gratissimae
905 2899 974 2956 opes
986 2887 1064 2942 sunt.

171 2979 339 3052 Argentum
353 2982 384 3032 et
397 2995 501 3032 aurum
521 2976 679 3052 propitiine
693 2995 731 3032 an
745 2976 815 3032 irati
828 2975 871 3032 dii
883 2977 1064 3051 negaverint,

173 3074 284 3132 dubito.
328 3071 393 3129 Nee
413 3077 514 3128 tamen
534 3072 739 3129 affirmaverim
758 3072 872 3129 nullam
893 3072 1066 3132 Germaniae

172 3191 275 3230 venam
296 3175 451 3246 argentum
470 3188 612 3227 aurumve
631 3169 750 3246 gignere
759 3189 769 3242 ;
789 3169 855 3244 quis
868 3169 947 3226 enim
959 3175 1067 3226 scruta

172 3275 220 3324 tus
234 3268 297 3325 esti
337 3266 522 3324 Possessione
536 3273 566 3322 et
581 3285 637 3323 usu
650 3265 730 3322 haud
749 3266 869 3342 perinde
889 3265 1063 3328 afficiuntur.

172 3363 227 3420 Est
240 3364 340 3421 videre
353 3363 432 3440 apud
444 3363 510 3420 illos
530 3368 668 3438 argentea
687 3381 765 3431 vasa,
785 3362 889 3438 legatis
909 3367 939 3418 et
958 3361 1066 3438 prinei-

172 3459 257 3534 pibus
278 3480 379 3518 eorum
398 3460 515 3517 muneri
535 3459 612 3534 data,
633 3477 694 3518 non
713 3459 746 3516 in
765 3457 824 3518 alia
844 3458 958 3516 vilitate
977 3477 1066 3534 quam

911 3555 987 3612 1-2
