2432 3784
155 223 194 280 16
413 213 617 283 CORNELII
640 222 787 284 raom

152 369 206 425 pro
219 351 391 409 necessitate
405 359 475 410 erat
512 353 578 409 lam
591 372 661 410 vero
675 354 839 431 principum
854 355 929 412 filios
942 354 1046 414 libera·

152 447 231 504 libus
249 448 364 504 artibus
383 449 507 520 erudire,
527 456 558 506 et
575 449 694 525 ingenia
712 450 924 508 Britannorum
940 453 1046 510 studiis

153 543 306 601 Gallorum
327 545 538 616 anteferrent,
559 547 610 620 qui
630 546 716 604 modo
733 546 865 622 linguam
881 547 1045 605 Romarram

152 641 329 713 abnuebant,
350 641 547 716 eloquentiam
571 642 815 717 concupiscerent.
858 643 934 700 Inde
956 645 1046 702 etiam

152 735 271 794 habitus
297 738 392 794 nostri
414 738 514 808 honor,
538 744 569 794 et
590 739 726 814 frequens
748 745 823 815 toga,
845 741 1046 817 paulatimque

152 833 310 890 discessum
324 834 361 890 ad
375 834 571 892 delenimenta
584 835 734 907 vitiorum,
753 838 882 912 porticus
899 844 929 894 et
943 827 1046 897 balnea

153 939 183 988 at
210 932 412 990 conviviorum
439 935 632 1009 elegantiam
667 936 756 1012 idque
788 937 866 1013 apud
895 937 1045 1014 imperitos

152 1027 320 1094 humanitas
333 1030 501 1103 vocabatur,
516 1050 608 1106 quum
621 1051 689 1108 pars
702 1034 854 1091 servitutis
867 1041 949 1092 esset.

152 1210 353 1253 rma-xxm.
390 1211 455 1254 an.
472 1181 625 1256 &Os-an.
642 1198 688 1255 82.
724 1197 865 1273 Apricolo
880 1199 988 1275 postea
1000 1201 1046 1259 aa

193 1299 339 1364 coaqtaeete
352 1310 386 1348 as
397 1290 456 1364 far
475 1292 562 1348 nortl
574 1313 608 1350 oc
625 1294 670 1351 tlte
692 1293 814 1353 roam
832 1297 897 1354 aad
913 1297 1009 1355 droam
1025 1317 1045 1354 a

192 1387 250 1444 linc
274 1387 312 1461 of
323 1387 405 1462 sorta
418 1388 503 1462 from
526 1390 673 1450 theotoco
689 1401 718 1450 to
742 1393 786 1450 tlte
807 1393 955 1452 Bodotria
997 1395 1046 1454 He

193 1502 296 1540 orossea
310 1483 353 1541 tlte
368 1482 450 1542 Clota
462 1485 526 1542 aad
533 1496 614 1560 posta
626 1507 699 1544 sonae
712 1496 808 1564 troops
820 1509 858 1546 ora
872 1489 916 1547 tle
928 1499 1046 1548 worm

193 1588 269 1636 coast
283 1581 407 1655 opposite
421 1579 549 1640 Ireload,
592 1582 777 1659 Descriptioa
790 1584 828 1659 of
834 1584 964 1644 Irelaad.

212 1716 322 1780 XXII.
365 1717 482 1777 Tertius
496 1721 719 1796 expeditionum
733 1742 828 1780 annus
840 1741 931 1780 novas
943 1729 1045 1799 gentes

154 1814 277 1888 aperuit,
297 1815 419 1872 vastatis
436 1835 530 1892 usque
549 1817 587 1873 ad
607 1817 737 1875 Tanaum
760 1819 918 1895 (aestuario
938 1838 1045 1876 nomen

90 1980 93 1989 Ι
154 1908 209 1988 est)
230 1911 405 1969 nationibus.
450 1913 516 1982 Qua
536 1914 691 1971 formidine
710 1913 807 1971 territi
828 1913 924 1971 hostes
945 1934 1045 1990 quam-

153 2025 242 2082 quam
274 2007 472 2065 conflictatum
504 2008 597 2064 saevis
628 2009 850 2084 tempestatibus
884 2009 1045 2066 exercitum

152 2103 289 2160 lacessere
305 2123 364 2160 non
384 2105 467 2175 ausi;
489 2104 689 2180 ponendisque
706 2104 826 2179 insuper
844 2103 970 2160 castellis
982 2121 1045 2179 spa-

153 2199 230 2254 tium
243 2199 308 2257 fuit.
345 2199 540 2256 Annotabant
553 2200 641 2274 periti
655 2217 714 2256 non
724 2199 929 2256 aliumduoem
943 2217 1045 2274 oppor-
1151 2217 1153 2220 ·
1205 2199 1206 2286 ᾗ

154 2293 296 2350 tunitates
310 2293 438 2350 locorum
450 2293 611 2369 sapientius
620 2295 730 2369 legisse.
766 2293 892 2350 Nullum
906 2293 943 2349 ab
956 2293 1044 2369 Agri-

154 2389 217 2446 cola
240 2391 370 2466 positum
391 2391 542 2448 castellum
564 2397 616 2448 aut
637 2392 669 2447 vi
690 2389 819 2448 hostium
843 2397 1043 2466 expugnatum

153 2493 206 2542 aut
227 2488 361 2563 pactione
384 2506 417 2544 ao
439 2489 508 2563 fuga
532 2487 678 2545 desertum
689 2507 698 2560 ;
719 2487 836 2545 crebrae
858 2487 1023 2563 eruptiones
1033 2507 1042 2560 ;

152 2601 222 2638 nam
249 2584 387 2641 adversus
413 2603 508 2641 moras
530 2585 688 2641 obsidionis
709 2584 815 2641 annuis
837 2586 926 2660 copiis
950 2586 1045 2642 firma-

152 2680 267 2736 bantur.
331 2679 381 2736 Ita
407 2680 552 2754 intrepide
579 2680 622 2736 ibi
647 2679 747 2752 hiems,
776 2686 806 2737 et
835 2681 892 2738 sibi
919 2681 1044 2758 quisque

151 2778 302 2854 praesidio,
329 2777 419 2834 irritis
446 2777 578 2834 hostibus
605 2797 696 2854 eoque
721 2777 948 2854 desperantibus,
973 2779 1044 2854 quia

152 2871 232 2930 soliti
258 2873 429 2948 plerumque
456 2871 563 2928 damna
589 2873 709 2928 aestatis
737 2871 866 2928 hibernis
890 2873 1044 2929 eventibus

152 2989 272 3044 pensare
294 2975 360 3026 tum
381 2975 492 3025 aestate
513 2977 602 3043 atque
625 2968 721 3026 hieme
740 2969 826 3025 iuxta
849 2970 1043 3045 pellebantur.

152 3063 216 3121 Nec
225 3064 365 3140 Agricola
375 3083 516 3139 umquam
530 3083 582 3139 per
592 3063 664 3120 alios
672 3070 754 3140 gesta
762 3063 865 3120 avidus
873 3064 1029 3138 intercepit
1035 3082 1043 3134 ;

153 3177 205 3215 seu
227 3159 360 3215 centurio
380 3177 431 3215 seu
450 3159 621 3235 praefectus,
636 3159 840 3235 incorruptum
856 3159 925 3215 facti
939 3163 1041 3214 testem

152 3253 285 3312 habebat.
328 3254 418 3332 Apud
439 3255 579 3331 quosdam
596 3255 727 3312 acerbior
740 3238 780 3311 in
797 3252 935 3312 conviciis
947 3270 1045 3309 narra-

152 3353 256 3428 batur3
277 3359 312 3410 ut
333 3359 396 3411 erat
417 3353 506 3410 comis
525 3353 617 3419 bonis,
637 3352 681 3410 ita
700 3352 838 3410 adversus
858 3351 949 3408 malos
969 3349 1044 3406 iniu-

152 3449 273 3510 cundus.
297 3449 435 3509 Ceterum
444 3469 482 3508 ex
490 3448 641 3508 iracundia
649 3447 725 3506 nihil
734 3453 884 3526 supererat
892 3452 1043 3519 secretum,
