2432 3784
158 267 176 327 6
418 265 626 327 CORNELII
652 260 799 324 raom

158 411 288 454 v111.1x.
330 409 388 452 an.
413 392 567 452 70.-s.n.-
584 390 630 450 78.
672 386 816 461 Sinchcr
835 393 892 442 tect
909 381 946 457 os
962 381 1044 457 Apri-

199 481 269 539 colo.
318 479 366 537 He
386 479 413 537 a'e
436 476 594 553 appointed
614 475 651 550 by
679 473 835 549 Vespasiae
855 488 994 546 governor
1014 467 1052 542 of

197 567 366 643 Aquitania,
392 564 560 624 araeded
578 572 605 620 to
626 562 714 618 Rome
738 569 765 618 to
786 559 816 616 be
833 557 916 614 modo
937 555 1043 626 comui,

198 656 261 713 aad
287 674 325 712 on
353 653 397 710 tle
424 651 587 725 expiratione
614 647 650 722 of
669 647 715 704 bie
747 645 899 714 consulate,
928 643 1045 700 tecum

197 760 336 817 governor
349 739 386 813 of
393 737 519 795 Britain.

219 876 314 935 VIII.
347 875 486 932 Praeerat
498 877 569 928 tunc
583 868 754 927 Britanniae
768 865 892 924 Vettius
910 864 1045 934 Bolanus,

159 974 302 1051 placidius
315 991 403 1048 quam
416 970 504 1028 feroci
516 968 666 1046 provincia
676 966 797 1041 dignum
808 969 858 1020 est
894 961 1044 1036 Tempera-

159 1069 205 1126 vit
231 1067 370 1143 Agricola
393 1066 454 1122 vim
481 1083 571 1132 suam,
594 1061 783 1134 ardoremque
804 1055 985 1132 compescuit,
1008 1074 1045 1112 ne

160 1165 339 1235 incresceret,
353 1163 465 1238 peritus
478 1159 598 1234 obsequi
615 1157 804 1230 eruditusque
817 1155 902 1210 utilia
918 1152 1046 1209 honestis

160 1262 286 1318 miscere.
329 1258 418 1316 Brevi
432 1256 536 1313 deinde
549 1253 705 1310 Britannia
717 1250 895 1307 consularem
906 1247 1047 1304 Petilium

161 1354 306 1413 Cerialem
326 1357 445 1432 accepit.
488 1356 671 1414 Habuerunt
691 1353 820 1409 virtutes
846 1349 977 1425 spatium
996 1367 1047 1404 ex-

162 1447 332 1522 emplorum.
375 1446 434 1504 Sed
447 1446 543 1522 primo
557 1443 681 1503 Cerialis
702 1444 816 1501 labores
835 1443 922 1500 modo
943 1447 974 1498 et
994 1441 1050 1496 dis-

162 1534 291 1604 crimina,
314 1554 383 1590 mox
403 1541 434 1591 et
453 1533 574 1609 gloriam
595 1533 826 1590 communicabat
836 1553 844 1606 ;
866 1552 950 1608 saepe
969 1535 1046 1608 parti

162 1632 306 1687 exercitus
319 1632 351 1687 in
365 1632 604 1706 experimentum,
618 1630 774 1706 aliquando
787 1631 944 1687 maioribus
958 1630 1048 1706 copiis

162 1746 200 1782 ex
220 1733 326 1784 eventu
346 1729 490 1802 praefecit.
525 1728 597 1784 ‘Nec
610 1728 749 1803 Agricola
763 1747 901 1804 umquam
913 1727 946 1783 in
965 1745 1047 1783 suam

161 1823 269 1880 famam
291 1825 381 1899 gestis
402 1825 561 1881 exsultavit
571 1844 580 1897 3
604 1825 644 1882 ad
664 1831 812 1881 auctorem
836 1843 868 1881 ac
892 1824 994 1881 ducem
1012 1831 1047 1880 ut

162 1919 295 1975 minister
318 1919 467 1976 fortunam
493 1921 644 1978 referebat.
696 1919 746 1976 Ita
771 1920 882 1975 virtute
908 1919 940 1976 in
967 1920 1046 1976 obse-

161 2015 283 2088 quend0,
299 2015 472 2072 verecundia
487 2015 519 2071 in
532 2015 723 2091 praedicando
737 2020 821 2072 extra
839 2015 981 2072 invidiam
994 2033 1047 2072 nec

161 2114 245 2166 extra
257 2110 379 2185 gloriam
393 2118 464 2168 erat.

220 2204 279 2263 IX.
325 2205 533 2262 Revertentem
563 2207 600 2262 ab
629 2207 773 2282 legatione
806 2207 928 2282 legionis
961 2206 1046 2264 divus

160 2297 358 2374 Vespasianus
386 2299 464 2355 inter
489 2299 626 2374 patricios
650 2300 762 2369 ascivit,
789 2319 823 2356 ac
849 2298 953 2357 deinde
979 2319 1046 2375 pro·

159 2394 271 2452 vinciae
300 2397 481 2472 Aquitaniae
507 2395 680 2470 praeposuit,
709 2395 877 2470 splendidae
902 2395 1046 2471 imprimis

159 2489 310 2564 diguitatis
330 2490 579 2547 administratione
599 2509 632 2546 ac
653 2509 703 2566 spe
724 2489 898 2562 consulatus,
916 2491 964 2548 cui
984 2491 1045 2550 des

159 2586 275 2646 tinarat
320 2585 450 2642 Credunt
477 2587 608 2662 plerique
630 2587 808 2644 militaribus
832 2588 957 2662 ingeniis
980 2589 1039 2646 sub·

159 2681 299 2738 tilitatem
321 2681 426 2753 deesse,
450 2682 519 2758 quia
542 2682 695 2740 castrensis
715 2681 878 2739 iurisdictio
897 2701 997 2742 secura
1015 2690 1047 2740 et

160 2777 290 2834 obtusior
313 2796 346 2834 ac
370 2778 455 2853 plura
477 2798 566 2835 manu
588 2797 676 2854 agens
697 2777 887 2834 calliditatem
908 2779 964 2835 ieri
986 2798 1044 2836 non

112 2892 117 2904 ¹
159 2881 301 2930 exerceat.
343 2874 484 2949 Agricola
496 2875 625 2930 naturali
643 2874 806 2950 prudentia,
822 2875 955 2950 quamvis
969 2875 1045 2932 inter

159 2975 279 3044 togatos,
305 2969 388 3028 i'aeile
413 2971 547 3048 iusteque
573 2972 685 3047 agebat.
727 2970 794 3028 Iam
820 2991 890 3029 vero
916 2980 1046 3048 tempora

159 3081 296 3120 curarum
326 3065 585 3142 remissionumque
609 3066 722 3140 divisa3
750 3067 802 3124 ubi
828 3073 989 3124 conventus
1014 3086 1046 3123 ac

160 3157 267 3216 iudicia
283 3165 440 3236 poscerent,
455 3161 560 3234 gravis,
580 3161 720 3233 intentus,
741 3181 866 3234 saverne,
885 3169 915 3220 et
934 3162 1046 3237 saepius

160 3255 320 3312 misericors
329 3275 339 3328 3
360 3255 412 3312 ubi
427 3257 518 3313 officio
540 3257 727 3329 satisfactum,
753 3259 836 3316 nulla
855 3259 933 3316 ultra
954 3264 1047 3334 potes

158 3349 231 3406 tatis
244 3369 373 3425 persona
415 3351 578 3408 Bistitiam
592 3360 622 3410 et
635 3355 831 3428 arrogantiam
845 3361 875 3412 et
892 3355 1045 3412 avaritiam

161 3451 301 3516 exuerat;
325 3466 377 3504 nec
398 3447 450 3518 illi,
477 3449 555 3525 quod
573 3453 618 3505 est
638 3450 826 3522 rarissimum,
850 3457 903 3508 aut
923 3452 1048 3510 saunitas
